2000 3542
139 355 756 437 nrssrrtoerrtreotrr.v.1⁶7

90 506 193 554 tatem.
216 490 404 573 Transfigitur
425 511 536 553 scutum
560 493 705 566 Pulfioni‚
727 514 759 558 er

90 590 226 634 verutum
253 573 281 630 in
302 574 398 631 balteo
417 568 559 651 defigitur.
575 576 689 636 Avertit
710 574 771 638 hic-

92 672 174 712 casus
193 651 348 731 vaginam,
369 669 398 708 er
417 651 543 731 gladium
562 653 681 714 educere
701 676 756 715 co·

91 730 188 791 nantis
203 730 332 789 dextram
347 745 474 789 moratur
485 747 623 800 manum,
634 735 757 810 impedi-

89 826 210 886 tumque
223 807 318 867 hostes
328 808 689 871 circumsistuntsuccurrir
699 813 758 870 ini-

92 890 186 949 micus
202 888 243 945 illi
255 888 404 954 Varenus,
417 904 446 946 et
461 889 602 948 laboranti
616 890 757 953 subvenit.

93 966 142 1027 Ad
161 964 236 1027 hunc
258 985 288 1025 se
308 965 460 1026 confestim
477 988 493 1026 a
512 964 643 1029 Pulfione
663 972 759 1030 omnic

94 1046 248 1107 multitudo
264 1046 423 1113 convertit,
439 1046 523 1106 illurn
541 1068 645 1109 veruto
664 1068 757 1109 trans·

94 1122 185 1185 fixum
199 1124 377 1185 arbitrantur.
386 1124 450 1183 illic
460 1144 531 1184 vero
542 1146 671 1188 occursat
679 1131 760 1189 ocius

94 1203 212 1284 gladio,
231 1203 416 1280 cominusque
436 1222 498 1262 rem
518 1205 591 1285 gerit
605 1205 759 1276 Varenus;

95 1302 181 1361 atque
189 1301 250 1344 uno
259 1282 418 1349 interfecto,
429 1284 554 1358 reliquos
563 1286 680 1360 paulurn
690 1307 760 1362 pro-

96 1362 189 1439 pellit.
201 1361 281 1421 Dum
299 1361 426 1438 cupidius
444 1362 548 1430 instat,
561 1364 590 1420 in
603 1365 702 1424 locum
712 1365 760 1423 in-

93 1440 232 1502 feriorem
252 1441 398 1517 dejectus,
419 1440 554 1503 concidit.
571 1441 650 1502 Huic
668 1464 761 1503 rursus

97 1521 294 1580 circumuento
307 1520 360 1579 ferr
375 1518 528 1578 subsidium
541 1520 636 1581 Pulfio
649 1544 658 1595 3
676 1538 761 1599 atque

97 1601 185 1658 ambo
197 1599 374 1664 incolumes,
387 1598 580 1673 compluribus
590 1600 760 1670 interfectis,

97 1698 210 1737 summa
229 1698 295 1738 cum
316 1674 397 1735 laude
416 1694 476 1735 sese
496 1678 568 1738 intra
586 1680 763 1739 munitiones

96 1757 248 1835 recipiunt.
277 1757 324 1816 Sic
346 1754 466 1815 fortuna
479 1756 508 1815 in
527 1759 712 1819 contentione
733 1776 763 1819 et

96 1836 255 1896 certamine
277 1852 429 1911 utrumque
452 1836 606 1904 uersauit,
636 1847 669 1897 ut
691 1841 765 1898 alter

97 1914 180 1975 alteri
206 1914 337 1975 inimicus
361 1912 470 1973 auxilio
494 1915 634 1991 salutique
659 1934 763 1986 esset3

91 2012 192 2073 'neque
209 1990 364 2072 dijudicari«
375 2009 487 2069 posset,
507 2010 572 2054 uter
585 1993 642 2054 utri
658 1994 764 2055 virture

98 2073 295 2134 anteferendus
313 2069 464 2131 videretur.

139 2152 245 2215 XLV.
271 2151 392 2229 Quanto
416 2167 477 2209 erar
506 2148 536 2208 in
564 2149 624 2210 dies
647 2152 768 2233 gravior

100 2250 184 2309 arque
210 2235 336 2310 asperior
363 2229 565 2309 oppugnatio,
585 2247 616 2287 et
637 2232 766 2291 maxime

59 2368 62 2373 .
99 2311 198 2387 quod,
219 2308 767 2391 mngnapartemilitumconfectavul«

99 2391 239 2457 neribus,
263 2408 306 2449 res
332 2386 365 2446 ad
385 2389 559 2463 paucitatem
583 2387 765 2449 defensorum
854 2400 860 2411 ·

99 2486 289 2546 perveneram
303 2484 383 2528 tanto
401 2464 557 2525 crebriores
577 2467 676 2528 littere
694 2488 770 2529 nun·

101 2548 194 2625 ciique
210 2547 244 2606 ad
260 2547 402 2608 Caesarem
419 2546 602 2612 mittebantur
618 2568 627 2606 t
641 2568 766 2624 quorum

101 2646 165 2703 pars
183 2625 356 2705 deprehensa
378 2624 407 2680 in
430 2641 584 2701 conspectu
601 2644 767 2687 nostrorum

100 2704 227 2766 militum
256 2705 379 2765 cruciatu
407 2705 569 2764 necabatur.
601 2703 670 2764 Erat
693 2723 767 2765 unus

104 2784 180 2847 uatus
203 2782 357 2853 Nervius,
384 2782 504 2845 nomine
524 2782 672 2852 Vertico,
694 2785 773 2857 loco,
