2000 3542
247 302 834 389 242C.J.Cssin1sCouurtir2'
896 322 899 330 '

242 459 449 543 nere'co'e'git3
472 458 765 530 Convictolitanem,
790 460 839 539 qui
859 480 914 541 per

243 540 433 610 sacerdotes,
460 558 544 600 more
561 538 715 610 civitatis,
742 540 914 604 intermissis

242 618 470 711 magistratibus,
495 636 568 681 esset
588 634 718 689 creatus,
736 638 914 699 potestatem

243 701 371 759 obtinere
385 698 474 775 iussit.

282 776 458 840 XXXIV.
481 776 551 837 Hoc
573 774 690 837 decreto
708 776 877 855 interposito
902 816 914 848 ,

242 856 409 918 cohortatus
419 854 548 924 AEduos,
563 873 594 915 ut
604 856 865 917 controversiarum
878 880 916 919 ac

241 936 450 996 dissensionum
469 935 723 1005 obliviscerentur,
738 953 822 1012 atque
843 956 915 996 om-

241 1013 324 1074 nibus
335 1013 446 1073 omissis
462 1017 563 1082 rebus,
574 1012 642 1073 huic
655 1015 735 1073 bello
752 1014 913 1087 servirent,

242 1112 351 1171 eaque,
362 1114 423 1171 quse
429 1090 619 1160 metuissent,
631 1092 745 1171 ptaetnia
752 1094 788 1153 ab
801 1111 850 1164 se,
863 1094 916 1155 de-

241 1173 317 1233 victa
328 1170 447 1242 Gallia,
465 1187 662 1249 exspectarent
675 1170 915 1251 3equitatumque

243 1272 378 1321 ornnem,
399 1269 428 1312 et
444 1251 573 1331 peditum
591 1250 684 1309 millia
699 1270 719 1309 x
737 1251 789 1311 sibi
806 1253 916 1312 celeri-

243 1349 287 1391 ter
300 1332 465 1401 mitterent,
482 1328 581 1407 quaein
592 1328 915 1407 praesidiisteifrumen-

242 1410 319 1471 tariae
331 1431 416 1472 causa
429 1410 591 1487 disponeret
604 1430 614 1481 ς
630 1408 788 1469 exercitum
800 1408 830 1469 in
842 1410 917 1471 duas

241 1507 335 1567 partes
349 1488 460 1550 divisit:
474 1508 516 1547 tv
530 1490 557 1547 le
579 1486 660 1547 iones
675 1487 705 1547 in
716 1486 845 1548 Senones
858 1488 917 1549 Pa-

243 1568 381 1643 risiosque
399 1564 530 1626 Labieno
564 1565 687 1627 ucendas
700 1565 790 1627 dedit:
809 1586 851 1629 vt
862 1566 914 1645 ip-

242 1666 272 1705 se
290 1647 320 1703 in
337 1646 504 1713 Arvernos,
523 1643 557 1703 ad
573 1645 711 1723 oppidum
728 1640 917 1725 Gergoviam

225 1735 228 1740 ’
242 1723 399 1783 secundum
410 1721 518 1784 flumen
530 1722 636 1783 Elaver
653 1722 743 1785 duxit.
761 1722 915 1799 Equitatus

242 1818 353 1881 partem
367 1802 410 1862 illi
426 1802 571 1872 attribuit,
591 1822 701 1880 partem
720 1801 773 1861 sibi
783 1804 914 1882 reliquit.

244 1881 313 1959 Qua
333 1903 363 1944 re
382 1884 526 1965 cognita,
547 1880 791 1962 Vercingetorix,
810 1882 915 1943 omni..

242 1964 294 2022 bus
311 1962 470 2039 interruptis
483 1960 546 2039 ejus
564 1959 688 2021 fluminis
702 1961 853 2038 pontibus,
873 1964 913 2025 ab

242 2042 333 2101 altera
347 2041 474 2102 Elaveris
483 2056 564 2117 parte
579 2039 633 2099 iter
646 2040 740 2100 facere
759 2040 857 2117 coepit.

283 2118 437 2181 XXXV.
464 2118 543 2179 Cum
564 2138 683 2196 uterque
704 2118 815 2197 utrique
835 2138 914 2183 esset

242 2198 382 2258 exercitus
393 2198 422 2256 in
440 2215 618 2272 conspectu,
636 2196 751 2275 fereque
762 2216 778 2257 e
789 2198 913 2279 regione

243 2276 339 2337 castris
357 2294 447 2336 castra
459 2294 602 2353 poneret;
621 2274 761 2353 dispositis
774 2280 913 2355 explora-

243 2355 351 2417 toribus
362 2394 373 2424 ,
385 2354 489 2415 necubi
498 2351 600 2416 effecto
614 2374 703 2433 ponte
716 2353 842 2423 Romani
853 2376 912 2419 co-

243 2435 304 2511 pias
318 2434 548 2496 transducerent:
567 2434 666 2495 eratin
682 2434 912 2517 magnisCaesati

243 2512 722 2590 difficultatibusresmernajorem
733 2514 831 2574 estatis
841 2534 912 2592 par·

231 2609 303 2653 tem
318 2590 439 2652 'flumine
450 2590 653 2671 impediretur3
672 2592 750 2671 quod
767 2612 828 2653 non
846 2594 910 2656 fere

244 2688 310 2733 ante
330 2687 498 2731 autumnum
522 2668 625 2732 Elaver
635 2672 710 2733 vado
727 2672 838 2733 transiri
856 2692 910 2733 so-

244 2754 316 2813 leat.
324 2750 440 2832 ltaque,
454 2769 496 2813 ne
503 2750 532 2811 id
543 2750 700 2820 accideret,
710 2751 829 2814 silvestri
836 2753 912 2815 loco
