2000 3542
247 331 604 410 assentante.
663 334 760 431 xxvij

12 493 15 506 '
89 517 167 567 mus
178 521 317 598 propter
330 503 492 599 epitomas
509 501 654 572 historiae
670 497 760 569 Fan-

88 595 137 662 nii
169 618 204 665 et
222 598 319 670 Caelii
339 601 512 696 Antipatri
536 625 544 671 :
578 597 763 695 dequibus

24 768 26 773 ,
89 693 242 786 superius
264 694 428 778 diximus,
454 723 535 768 curn
546 694 588 768 de
612 717 760 789 utroque

88 781 157 860 hoc
177 791 336 864 interito
362 817 545 890 ageremus
562 790 641 863 Alia
658 792 761 862 etiarn

89 888 282 984 scripsisse,
303 913 435 961 certum
450 913 512 961 est.
533 890 625 960 Nam
635 887 762 958 librum

91 986 164 1078 ejus
182 984 224 1057 de
239 985 357 1059 officiis
369 987 543 1059 Charisius
553 988 635 1057 citat
654 984 714 1056 iib.
730 1010 762 1054 ι,

90 1103 125 1151 et
139 1081 324 1176 Priscianus
337 1083 396 1155 iib.
411 1107 436 1155 v
447 1106 472 1155 1.
487 1082 633 1154 Atlibri
649 1081 692 1152 de
704 1107 763 1178 pa-

91 1177 209 1250 tientia
241 1183 390 1252 meminit
422 1178 611 1253 Diomedes
641 1177 700 1249 ub.
730 1200 761 1249 ι.

93 1273 179 1363 Quo
202 1279 304 1348 etiam
337 1277 426 1349 libro
459 1279 556 1350 testis
583 1275 766 1348 adhibetur

92 1370 221 1444 Brutus
247 1373 438 1448 laudatione
472 1374 580 1470 Appii
611 1371 760 1444 Claudii.

93 1469 146 1541 Ut
165 1469 244 1540 nihil
258 1471 366 1543 dicam
382 1470 425 1543 de
436 1470 602 1568 epistolis,
618 1495 762 1567 quarum

89 1589 162 1637 non
181 1594 250 1640 uno
284 1568 363 1640 loto
397 1569 603 1640 mentionem
633 1565 764 1638 fatiunt

90 1665 320 1738 Grammatiti.
343 1663 401 1736 Ac
430 1665 552 1762 aliquae
578 1664 763 1736 etiamnum

91 1783 286 1858 supersunt,
300 1789 376 1835 sane
387 1764 531 1859 ingentis
540 1763 678 1858 spiritus
688 1759 764 1858 pie·

90 1881 142 1927 nae
154 1882 168 1945 3
192 1860 351 1955 imprimis
374 1859 437 1932 iilae
459 1857 504 1930 ad
525 1856 706 1934 Tullium,
725 1879 763 1928 et

85 1953 206 2026 'alterae
221 1956 264 2028 ad
277 1957 433 2030 Atticum
447 2007 458 2040 ,
474 1954 598 2052 quibus
608 1979 762 2050 conque-

91 2053 177 2123 ritur
199 2051 241 2124 de
255 2052 393 2138 Tullio,
416 2051 511 2150 quod
530 2052 670 2122 nimium
683 2076 761 2123 eve·
787 2102 789 2105 -

91 2147 206 2222 hendo
221 2150 408 2223 Octavium
428 2175 593 2246 puerunt,
618 2149 762 2315 pessime

92 2245 247 2317 consulat
271 2247 420 2343 publico.
444 2247 526 2336 Quo
551 2247 617 2316 nihi
651 2246 761 2320 verius

92 2343 238 2416 scribere
262 2359 320 2418 aut
342 2343 453 2417 dicere
475 2345 604 2441 potuit.
630 2419 635 2426 ,

397 2587 465 2702 de
