2000 3542
220 287 258 360 do
298 290 798 402 &jusstmco'unmn

219 439 405 500 convocato,
429 430 633 493 constituerunt
655 433 798 508 optimum
818 449 884 492 esse

219 508 341 570 domum
358 531 437 570 suam
454 529 595 588 quemque
613 512 714 571 reuerti
732 531 743 582 ς
760 529 791 571 et
802 531 881 588 quo-

221 599 286 648 rum
305 589 422 650 inzfines
438 592 564 668 primum
581 589 708 649 Romani
725 592 885 651 exercitum

219 666 459 739 introduxissent,
478 668 514 728 bd
528 687 579 728 eos
596 668 785 729 defendendos
798 670 883 730 mdia
917 704 919 706 v

220 766 276 822 que
292 749 447 824 convenire
465 769 476 826 3
490 764 523 807 ut
538 747 633 823 potius
649 747 679 806 in
696 748 774 817 suis,
793 769 883 824 quatu

221 825 321 884 alienis
339 827 441 888 finibus
456 827 631 886 decertarent
645 863 656 894 ,
668 842 704 886 et
718 825 885 887 domesticis

221 905 313 979 'copiis
326 907 373 965 rei¹
383 903 572 965 frumentaria
581 921 737 968 uterentur.
751 905 799 966 Ad
816 925 884 966 earn

221 983 418 1053 sententiam,
447 999 514 1044 cum
538 984 653 1061 reliquis
676 984 793 1052 causis,
821 985 884 1044 heo

222 1081 336 1137 quoque
356 1063 428 1123 ratio
448 1083 498 1122 eos
513 1063 628 1122 deduxit
639 1083 655 1134 3·
666 1063 742 1140 quod
757 1063 885 1124 Divitia·-

223 1156 290 1200 cum
313 1160 397 1218 atque
418 1143 524 1202 AEduos
542 1141 644 1201 finibus
662 1143 885 1213 Bellovacorum

224 1222 449 1298 appropinquare
470 1236 674 1301 cognoverants
693 1220 748 1280 His
769 1242 885 1297 persua*

225 1297 303 1368 deri,
322 1319 353 1361 ut
370 1299 471 1360 diutius
496 1316 694 1368 morarentur,
717 1320 809 1378 neque
827 1301 886 1361 suis

225 1377 364 1438 auxilium
381 1379 507 1448 ferrent,
525 1398 585 1438 non
604 1394 725 1456 poterat.

263 1453 325 1514 XI.
344 1457 384 1516 Ea
403 1477 434 1516 re
452 1459 624 1526 constituta,
643 1457 765 1517 secunda
782 1456 885 1537 uigilia

224 1551 332 1614 magno
346 1543 419 1606 'cum
442 1535 557 1612 strepitu
578 1557 613 1595 as
634 1537 759 1597 tumultu
786 1535 884 1598 castris

224 1613 327 1694 egressi
349 1653 360 1682 ,
386 1614 467 1674 nullo
488 1630 567 1674 certo
590 1614 800 1693 ordineneque
821 1615 884 1676 im·

224 1691 325 1767 perio,
344 1712 410 1751 cum
430 1693 482 1752 sibi
498 1693 615 1769 quisque
632 1695 757 1771 primurn
775 1695 884 1754 itineris

226 1769 325 1830 locum
340 1787 465 1848 peteret,
483 1770 640 1832 etdomum
651 1774 798 1850 pervenire
811 1795 884 1850 pro-¹

224 1866 354 1926 peraret,
365 1850 508 1920 fecerunt,
521 1869 554 1912 ut
565 1851 720 1912 consimilis
729 1854 800 1934 fugae
815 1874 884 1930 pto·

167 1991 171 2000 ,
222 1927 310 1988 sectio
326 1929 475 1992 videretur.
485 1930 554 1990 Hac
571 1949 602 1989 re
619 1933 714 1990 statim
728 1931 822 1992 Caesar
831 1951 884 2010 per

222 2008 412 2083 speculatores
437 2010 581 2086 cognita,
608 2010 722 2071 insidias
748 2011 882 2080 veritus,

222 2085 315 2162 quod,
328 2107 383 2162 qua
399 2085 433 2146 de
448 2107 531 2148 causa
546 2086 740 2157 discederent,·
753 2090 883 2150 nondum
906 2120 910 2125 ’
986 2110 994 2118 ··

223 2181 438 2240 perspexerat,
476 2167 633 2226 exercitum
671 2168 882 2246 equitatumque

222 2243 318 2302 castris
336 2242 486 2305 continuit.
503 2245 598 2304 Prima
613 2247 696 2314 luce,
713 2247 882 2310 confirmata

221 2341 252 2381 re
264 2322 299 2380 ab
311 2323 536 2400 exploratoribus
549 2363 559 2392 ‚
575 2344 692 2384 omnem
702 2327 858 2401 equitatum
869 2366 884 2397 s

220 2400 269 2476 qui
290 2403 476 2462 novissimum
495 2423 599 2482 agmen
617 2421 795 2474 moraretur,
811 2428 881 2482 prae-
953 2417 956 2420 ’
986 2426 998 2463 t

221 2475 324 2547 misit,
343 2481 424 2556 eique
445 2481 487 2558 Q.
508 2481 647 2549 Pedium,
667 2500 696 2542 et
711 2481 748 2540 L.
765 2486 882 2554 Aurun«⁴

213 2556 346 2616 ·culeium
372 2559 520 2629 Cottam,
551 2561 661 2641 legatos
684 2561 816 2637 prefecit.
840 2566 883 2629 Τ.

219 2633 377 2696 Labienum
394 2639 520 2718 legatum
533 2659 601 2699 cum
618 2640 777 2720 legionibus
792 2643 881 2705 tribus

218 2715 349 2798 subsequi
367 2717 456 2798 jussit.
473 2717 517 2782 Hi
531 2719 703 2784 nouissimos
719 2719 832 2795 adorti,
849 2742 882 2788 et
