2000 3542
988 312 991 339 l

231 334 801 421 326010Casaa1sCouusur.
990 404 991 443 1

230 460 907 553 Belgioeollocavit‚cttmll.Antouio‚etCt
990 452 991 463 ἵ

231 549 406 615 Trebonio,
425 563 457 603 et
471 546 505 607 P.
523 544 669 613 Vatinio,
688 564 719 607 et
735 545 779 623 Q.
797 545 903 607 Tullio
990 558 991 565 ’

231 631 352 710 legatis:
373 644 412 685 ιι
433 622 700 692 ἰαιἘάιιοειιιίςὶε,
723 644 847 702 quorum
871 626 903 684 in

232 710 315 767 omui
334 704 435 767 Gallia
456 724 601 763 stammam
619 720 680 763 esse
700 706 903 765 auctoritatem

231 788 354 848 sciebat:
375 804 409 844 11
426 782 456 841 in
467 783 592 842 Turonis
603 781 638 840 ad
655 782 727 843 fines
739 782 909 843 Camarum

230 868 350 945 posuit,
366 884 431 942 qua
449 880 570 923 omnem
589 862 739 941 regionem
756 862 902 939 conjunc-

231 966 292 1005 tam
307 945 432 1005 Oceano
452 940 653 1000 continerent:
672 960 710 999 11
729 942 852 1017 reliquas
869 942 908 1001 in·

231 1022 421 1083 Lemovicmt
432 1019 534 1079 linibus
542 1038 602 1077 non
611 1020 699 1100 longe
707 1022 743 1079 ab
751 1020 900 1091 Arvernis,

231 1122 269 1163 ne
291 1122 347 1181 qua
370 1118 435 1180 pars
459 1096 566 1157 Gallia
589 1118 679 1159 vacua
708 1101 743 1158 ab
771 1101 906 1162 exercitu-

230 1200 315 1243 esset.
333 1181 444 1240 Paucos
460 1178 519 1237 dies
536 1177 595 1254 ipse
612 1177 642 1235 in
664 1176 815 1237 Provincia
829 1200 900 1244 mo-

230 1280 326 1327 ratus,
339 1280 407 1320 cum
418 1257 549 1320 celeriter
557 1275 659 1317 omnes
666 1276 824 1319 conventus
834 1278 902 1335 per-

188 1357 224 1379 ·-·
230 1341 416 1403 cucurrisset,
427 1336 554 1415 publicas
567 1336 773 1397 controversias
783 1346 907 1418 cogno-'

194 1421 344 1486 fuisset,
367 1414 569 1476 benemeritis
590 1414 705 1492 praemia
730 1416 871 1476 tribuisset
887 1441 904 1482 t·

230 1495 448 1579 (cognoscendi
458 1494 538 1554 enim
551 1495 711 1556 maximam
729 1495 898 1557 facultatem
990 1496 991 1503 '

141 1620 145 1627 1
229 1576 352 1636 habebat
364 1613 374 1642 ‚
388 1576 465 1650 quali
482 1574 602 1649 quimus
616 1574 716 1639 animo
734 1575 765 1633 in
778 1596 904 1653 tempu*
990 1574 991 1593 ³

229 1652 493 1719 bl.'firisset‚totius
503 1650 897 1732 Galliaedefectione,quam
990 1684 991 1691 ¹

227 1733 394 1793 sustinuerat
412 1730 548 1791 fidelitate
571 1748 657 1807 atque
679 1732 791 1798 auxiliis
820 1754 894 1811 pro-

227 1813 338 1873 vinciae.
350 1810 364 1880 )
375 1808 430 1879 His
447 1814 528 1871 rebus
543 1810 700 1880 confectis,
715 1812 749 1871 ad
761 1813 893 1892 legiones

227 1894 258 1951 in
280 1890 412 1969 Belgium
429 1910 459 1950 te
476 1889 599 1966 recipit,
620 1887 804 1969 hibernatque
824 1892 893 1955 Ne-
990 1920 991 1939 ¹

227 1989 415 2031 metoceunae.

266 2048 418 2119 XLVII.
431 2044 476 2105 Ibi
484 2043 635 2129 cognoscit
650 2044 788 2110 Comium
804 2049 894 2111 Atre-
990 2042 991 2045 ¹

224 2131 321 2189 batem
351 2127 454 2205 proelio
487 2146 554 2184 cum
583 2126 709 2201 equitatu
742 2148 794 2188 suo
814 2150 891 2195 con·

225 2207 358 2268 tendisse.
375 2206 455 2263 Nam
477 2224 545 2263 cum
562 2202 706 2265 Antonius
725 2208 753 2267 in
772 2204 891 2271 hiberna

224 2285 367 2351 uenisset,
382 2282 539 2358 civitasque
557 2282 725 2345 Atrebatum
742 2285 771 2344 in
790 2285 889 2349 officio

223 2380 374 2454 manetett
391 2361 532 2430 Comitis,
545 2361 594 2437 qui
610 2380 674 2440 post
691 2364 771 2423 ill-ant
787 2369 890 2427 vulne·

223 2461 391 2509 tattonem,
417 2462 505 2519 quarn
529 2460 612 2516 supra
639 2448 886 2507 commemoravi-

224 2542 288 2580 mus
298 2560 307 2588 ,
318 2538 429 2595 semper
440 2519 475 2579 ad
489 2540 590 2579 omnes
602 2540 697 2583 motus
708 2543 820 2601 paratus
829 2526 887 2597 suis

220 2599 330 2660 civibus
343 2614 403 2659 estc
421 2615 601 2672 consuesset,
623 2620 660 2661 ne
676 2604 793 2663 consilia
805 2605 886 2667 belli

221 2676 407 2756 quaerentibus
415 2696 516 2739 auctor
524 2698 668 2739 armorum
677 2682 788 2757 duxque
802 2683 886 2743 dees·

220 2778 284 2837 sctt
299 2774 415 2849 parente
433 2756 572 2830 Romanis
590 2758 725 2831 civitate,
745 2780 813 2834 cum
827 2763 885 2830 suis
