2000 3542
225 282 801 391 triC.J.CarrxrsCoxurrr.

221 474 283 517 nem
308 451 395 536 officii
434 475 465 517 ro
485 450 630 535 beneficiis
647 450 775 515 Coesorir
792 472 805 524 ;
824 462 888 510 roo-³

221 554 307 604 nere,
323 554 399 596 orare
409 475 550 597 liturium
563 554 616 615 pro
626 532 763 612 hospitio,
781 549 811 591 ut
825 548 888 591 rum

222 612 766 692 aemilitomsauticonsutatmagnam
775 626 887 672 manum

222 688 421 754 Germanorum
430 692 590 755 conductam
598 689 723 752 Rhenum
733 687 888 759 transisse‚·

223 767 294 831 lrouc
307 768 393 853 affore
402 769 485 833 biduo
495 798 506 833 .-
517 770 637 852 ipsorum
645 790 708 831 esse
716 766 887 836 consilium}

223 848 346 929 velintne
365 850 464 931 prius,
491 870 571 929 quom
579 847 706 989 finitimi
730 846 889 914 sentiant,

224 926 336 990 eductor
353 948 389 991 etr
402 928 527 990 llbernis
540 928 578 989 mi
590 928 645 989 iter
658 943 706 988 our
720 925 757 987 ad
769 924 892 988 Cicero·

223 1020 308 1077 nem,
326 1024 373 1069 aut
389 1006 425 1069 ad
435 1005 589 1069 Labienum
606 1005 760 1075 deducere,
775 1013 887 1085 quorum

223 1082 294 1147 alter
303 1085 530 1167 milliopassuum
541 1086 706 1155 cleritatu,
726 1083 796 1145 alter
803 1080 889 1164 paulo

224 1162 342 1246 amplius
359 1165 432 1227 absit
451 1192 461 1227 .-
477 1164 547 1225 illud
564 1185 596 1227 se
606 1163 751 1246 polliceri,
767 1180 796 1223 et
806 1163 888 1243 jure·

219 1240 338 1325 jurando
348 1241 531 1327 confirmare,
545 1261 632 1304 tuturo
641 1264 673 1305 se
684 1243 739 1303 irer
748 1262 800 1324 per
806 1239 889 1322 finer

224 1340 291 1383 auos
306 1321 433 1385 daturum
448 1350 457 1386 .·
471 1322 542 1403 quod
554 1322 727 1399 sumserint,
738 1316 887 1382 etciuirotr'

224 1418 287 1460 sere
304 1401 469 1473 consulere,
486 1400 557 1481 quod
575 1401 698 1462 libertis
715 1398 844 1469 levetur,
858 1412 890 1458 er

225 1476 337 1540 cosan·
352 1502 404 1559 pro
427 1484 487 1561 ejus
509 1480 616 1541 meritis
633 1481 754 1560 gratiam
773 1476 892 1555 referre.-

224 1555 293 1637 ¹Hac
310 1561 439 1620 orati0ne
456 1559 569 1628 habita,
587 1560 704 1620 discedit
721 1558 886 1619 Ambiorix.
991 1585 997 1605 ·

263 1636 439 1700 XXVIII.
466 1638 504 1701 C.
528 1637 686 1717 Arpinius,
709 1657 738 1699 et
757 1638 887 1705 Iunius,
943 1662 946 1667 ·

225 1735 288 1793 quae
306 1716 470 1789 audierant,
495 1717 530 1777 ad
552 1717 663 1812 legatos
680 1718 818 1779 deferunt.
841 1716 888 1775 Illi

225 1796 372 1872 repentina
391 1818 421 1859 re
439 1801 611 1876 perturbati,
631 1797 683 1856 etsi
698 1799 734 1858 ab
752 1794 834 1856 hoste
851 1815 887 1857 ea

227 1874 411 1947 dicebantur,
428 1896 488 1937 non
508 1894 604 1937 tamen
622 1876 794 1959 negligenda
812 1875 892 1936 exis·

226 1952 391 2027 rimabatur
409 1955 591 2033 maximeque
609 1955 664 2016 bac
683 1977 714 2016 re
732 1974 889 2033 permove-

210 2032 349 2117 ³bantur,
366 2036 444 2110 quod
462 2034 607 2095 civitatem
626 2036 784 2115 ignobilem
803 2052 886 2109 atque

226 2106 368 2171 humilem
392 2112 560 2174 Eburonum
584 2136 633 2175 sua
656 2130 756 2191 sponte
774 2113 891 2191 populo

225 2187 314 2249 Rom.
330 2191 440 2252 bellurn
456 2193 550 2252 facere
567 2214 666 2255 ausam
682 2194 732 2254 vix
748 2210 809 2253 erat
824 2210 887 2252 cre·

225 2266 360 2329 dandum.
384 2270 483 2347 Itaque
502 2271 537 2332 ad
554 2272 706 2333 consilium
725 2290 788 2332 rem
805 2268 886 2330 defe-

226 2364 313 2418 runt;
329 2368 489 2431 magnaque
506 2351 642 2413 intereos
656 2350 750 2411 existit
764 2367 887 2411 contro·

226 2426 329 2515 versIa.
352 2425 387 2489 L.
410 2429 646 2499 Aumnculeius‚
669 2430 891 2506 compluresque

226 2504 331 2567 tribuni
353 2506 415 2569 mil.
434 2526 463 2569 et
485 2510 643 2586 primorum
662 2507 795 2569 ordinum
815 2527 891 2568 cen-

227 2584 373 2672 turiones,
388 2584 459 2645 nihil
474 2602 574 2647 temere
584 2584 738 2667 agendum,
749 2604 836 2665 neque
850 2605 891 2647 ert·

225 2655 600 2751 lutbernisinjustuCoetoris
610 2664 803 2725 discedendum
813 2665 888 2727 exis-⁴

224 2742 380 2807 mabanta
392 2745 556 2826 quantasvis
565 2763 682 2826 magnas
694 2742 789 2827 copias
800 2743 884 2816 etiam
