<?xml version="1.0" encoding="UTF-8"?>
<!DOCTYPE html PUBLIC "-//W3C//DTD XHTML 1.0 Transitional//EN"
    "http://www.w3.org/TR/xhtml1/DTD/xhtml1-transitional.dtd">
<html xmlns="http://www.w3.org/1999/xhtml" xml:lang="en" lang="en">
 <head>
  <title>
</title>
<meta http-equiv="Content-Type" content="text/html;charset=utf-8" />
  <meta name='ocr-system' content='tesseract 3.04.00' />
  <meta name='ocr-capabilities' content='ocr_page ocr_carea ocr_par ocr_line ocrx_word'/>
</head>
<body>
  <div class='ocr_page' id='page_1' title='image "./cjuliicaesarisq01hirtgoog_0344.png"; bbox 0 0 2000 3542; ppageno 0'>
   <div class='ocr_carea' id='block_1_1' title="bbox 104 329 755 418">
    <p class='ocr_par' dir='ltr' id='par_1_1' title="bbox 104 329 755 418">
     <span class='ocr_line' id='line_1_1' title="bbox 104 329 755 418; baseline 0.009 -25"><span class='ocrx_word' id='word_1_1' title='bbox 104 329 755 418; x_wconf 58' lang='lat' dir='ltr'>otBntroGattrc&#39;oLrntVIIL3rr</span> 
     </span>
    </p>
   </div>
   <div class='ocr_carea' id='block_1_2' title="bbox 8 471 794 2853">
    <p class='ocr_par' dir='ltr' id='par_1_2' title="bbox 8 471 794 2853">
     <span class='ocr_line' id='line_1_2' title="bbox 93 471 763 550; baseline 0.001 -18"><span class='ocrx_word' id='word_1_2' title='bbox 93 489 180 532; x_wconf 71' lang='lat' dir='ltr'>erant</span> <span class='ocrx_word' id='word_1_3' title='bbox 198 471 336 549; x_wconf 73' lang='lat' dir='ltr'>oppressi.</span> <span class='ocrx_word' id='word_1_4' title='bbox 351 471 414 550; x_wconf 84' lang='lat' dir='ltr'>lpse</span> <span class='ocrx_word' id='word_1_5' title='bbox 429 471 465 532; x_wconf 85' lang='lat' dir='ltr'>ad</span> <span class='ocrx_word' id='word_1_6' title='bbox 476 471 662 534; x_wconf 80' lang='lat' dir='ltr'>devastandos</span> <span class='ocrx_word' id='word_1_7' title='bbox 673 472 763 550; x_wconf 65' lang='lat' dir='ltr'>depo*</span> 
     </span>
     <span class='ocr_line' id='line_1_3' title="bbox 77 548 763 633; baseline -0.001 -21"><span class='ocrx_word' id='word_1_8' title='bbox 77 552 292 629; x_wconf 51' lang='lat' dir='ltr'>,pulandosque</span> <span class='ocrx_word' id='word_1_9' title='bbox 306 550 375 611; x_wconf 85' lang='lat' dir='ltr'>fines</span> <span class='ocrx_word' id='word_1_10' title='bbox 391 548 587 633; x_wconf 83' lang='lat' dir='ltr'><strong>Ambiorigis,</strong></span> <span class='ocrx_word' id='word_1_11' title='bbox 607 550 763 629; x_wconf 83' lang='lat' dir='ltr'>proficisci·</span> 
     </span>
     <span class='ocr_line' id='line_1_4' title="bbox 93 630 765 713; baseline 0 -22"><span class='ocrx_word' id='word_1_12' title='bbox 93 646 144 691; x_wconf 87' lang='lat' dir='ltr'>tur</span> <span class='ocrx_word' id='word_1_13' title='bbox 163 654 174 693; x_wconf 76' lang='lat' dir='ltr'>t</span> <span class='ocrx_word' id='word_1_14' title='bbox 200 647 286 708; x_wconf 88' lang='lat' dir='ltr'>quem</span> <span class='ocrx_word' id='word_1_15' title='bbox 300 632 480 707; x_wconf 88' lang='lat' dir='ltr'>perterritum</span> <span class='ocrx_word' id='word_1_16' title='bbox 501 648 585 709; x_wconf 82' lang='lat' dir='ltr'>atque</span> <span class='ocrx_word' id='word_1_17' title='bbox 602 630 765 713; x_wconf 80' lang='lat' dir='ltr'>fugientem</span> 
     </span>
     <span class='ocr_line' id='line_1_5' title="bbox 93 709 762 790; baseline 0 -21"><span class='ocrx_word' id='word_1_18' title='bbox 93 728 165 771; x_wconf 81' lang='lat' dir='ltr'>cum</span> <span class='ocrx_word' id='word_1_19' title='bbox 179 710 268 790; x_wconf 78' lang='lat' dir='ltr'>redigi</span> <span class='ocrx_word' id='word_1_20' title='bbox 286 709 410 787; x_wconf 71' lang='lat' dir='ltr'>possein</span> <span class='ocrx_word' id='word_1_21' title='bbox 425 731 506 771; x_wconf 83' lang='lat' dir='ltr'>suam</span> <span class='ocrx_word' id='word_1_22' title='bbox 516 727 686 789; x_wconf 85' lang='lat' dir='ltr'>potestatem</span> <span class='ocrx_word' id='word_1_23' title='bbox 696 710 762 771; x_wconf 83' lang='lat' dir='ltr'>des·</span> 
     </span>
     <span class='ocr_line' id='line_1_6' title="bbox 93 789 763 871; baseline 0 -23"><span class='ocrx_word' id='word_1_24' title='bbox 93 806 239 866; x_wconf 78' lang='lat' dir='ltr'>perastet,</span> <span class='ocrx_word' id='word_1_25' title='bbox 251 789 418 868; x_wconf 84' lang='lat' dir='ltr'>proximum</span> <span class='ocrx_word' id='word_1_26' title='bbox 429 812 484 851; x_wconf 80' lang='lat' dir='ltr'>ruae</span> <span class='ocrx_word' id='word_1_27' title='bbox 497 789 628 871; x_wconf 83' lang='lat' dir='ltr'>dignitati</span> <span class='ocrx_word' id='word_1_28' title='bbox 637 808 696 849; x_wconf 82' lang='lat' dir='ltr'>esse</span> <span class='ocrx_word' id='word_1_29' title='bbox 710 790 763 849; x_wconf 88' lang='lat' dir='ltr'>du·</span> 
     </span>
     <span class='ocr_line' id='line_1_7' title="bbox 94 859 794 948; baseline 0 -20"><span class='ocrx_word' id='word_1_30' title='bbox 94 871 180 929; x_wconf 75' lang='lat' dir='ltr'>rebat</span> <span class='ocrx_word' id='word_1_31' title='bbox 197 907 207 937; x_wconf 89' lang='lat'>‚</span> <span class='ocrx_word' id='word_1_32' title='bbox 222 868 307 929; x_wconf 71' lang='lat' dir='ltr'>adeo</span> <span class='ocrx_word' id='word_1_33' title='bbox 324 867 395 927; x_wconf 79' lang='lat' dir='ltr'>fines</span> <span class='ocrx_word' id='word_1_34' title='bbox 413 870 473 948; x_wconf 78' lang='lat' dir='ltr'>ejus</span> <span class='ocrx_word' id='word_1_35' title='bbox 493 888 604 929; x_wconf 80' lang='lat' dir='ltr'>vastare</span> <span class='ocrx_word' id='word_1_36' title='bbox 624 859 794 937; x_wconf 52' lang='lat' dir='ltr'>civibus?</span> 
     </span>
     <span class='ocr_line' id='line_1_8' title="bbox 95 946 762 1025; baseline -0.001 -18"><span class='ocrx_word' id='word_1_37' title='bbox 95 946 245 1017; x_wconf 64' lang='lat' dir='ltr'>adificiis,</span> <span class='ocrx_word' id='word_1_38' title='bbox 267 966 388 1025; x_wconf 82' lang='lat' dir='ltr'>pecore,</span> <span class='ocrx_word' id='word_1_39' title='bbox 412 966 445 1009; x_wconf 90' lang='lat' dir='ltr'>ut</span> <span class='ocrx_word' id='word_1_40' title='bbox 459 946 529 1009; x_wconf 91' lang='lat' dir='ltr'>odio</span> <span class='ocrx_word' id='word_1_41' title='bbox 548 967 665 1009; x_wconf 85' lang='lat' dir='ltr'>suorum</span> <span class='ocrx_word' id='word_1_42' title='bbox 685 946 762 1007; x_wconf 82' lang='lat' dir='ltr'>Am-</span> 
     </span>
     <span class='ocr_line' id='line_1_9' title="bbox 93 1026 761 1106; baseline 0.001 -20"><span class='ocrx_word' id='word_1_43' title='bbox 93 1026 210 1097; x_wconf 86' lang='lat' dir='ltr'>biorix,</span> <span class='ocrx_word' id='word_1_44' title='bbox 226 1027 251 1086; x_wconf 78' lang='lat' dir='ltr'>si</span> <span class='ocrx_word' id='word_1_45' title='bbox 266 1048 338 1106; x_wconf 81' lang='lat' dir='ltr'>quos</span> <span class='ocrx_word' id='word_1_46' title='bbox 351 1026 466 1089; x_wconf 78' lang='lat' dir='ltr'>foruna</span> <span class='ocrx_word' id='word_1_47' title='bbox 486 1027 597 1089; x_wconf 78' lang='lat' dir='ltr'>fecisset</span> <span class='ocrx_word' id='word_1_48' title='bbox 613 1027 761 1105; x_wconf 77' lang='lat' dir='ltr'>reliquos,</span> 
     </span>
     <span class='ocr_line' id='line_1_10' title="bbox 93 1105 763 1183; baseline 0.004 -20"><span class='ocrx_word' id='word_1_49' title='bbox 93 1107 211 1167; x_wconf 81' lang='lat' dir='ltr'>nullum</span> <span class='ocrx_word' id='word_1_50' title='bbox 224 1105 345 1166; x_wconf 88' lang='lat' dir='ltr'>reditum</span> <span class='ocrx_word' id='word_1_51' title='bbox 355 1123 471 1183; x_wconf 86' lang='lat' dir='ltr'>propter</span> <span class='ocrx_word' id='word_1_52' title='bbox 484 1124 575 1167; x_wconf 79' lang='lat' dir='ltr'>tantas</span> <span class='ocrx_word' id='word_1_53' title='bbox 585 1107 763 1168; x_wconf 73' lang='lat' dir='ltr'>calamitates</span> 
     </span>
     <span class='ocr_line' id='line_1_11' title="bbox 97 1182 427 1247; baseline -0.003 -2"><span class='ocrx_word' id='word_1_54' title='bbox 97 1182 216 1247; x_wconf 87' lang='lat' dir='ltr'>haberet</span> <span class='ocrx_word' id='word_1_55' title='bbox 226 1186 257 1245; x_wconf 93' lang='lat' dir='ltr'>in</span> <span class='ocrx_word' id='word_1_56' title='bbox 268 1185 427 1246; x_wconf 81' lang='lat' dir='ltr'>civitatem.</span> 
     </span>
     <span class='ocr_line' id='line_1_12' title="bbox 31 1260 762 1341; baseline -0.01 -13"><span class='ocrx_word' id='word_1_57' title='bbox 31 1323 33 1328; x_wconf 91' lang='lat'><em>.</em></span> <span class='ocrx_word' id='word_1_58' title='bbox 137 1262 253 1327; x_wconf 87' lang='lat' dir='ltr'><strong>XXV.</strong></span> <span class='ocrx_word' id='word_1_59' title='bbox 273 1264 351 1325; x_wconf 88' lang='lat' dir='ltr'>Cum</span> <span class='ocrx_word' id='word_1_60' title='bbox 369 1265 400 1324; x_wconf 90' lang='lat' dir='ltr'>in</span> <span class='ocrx_word' id='word_1_61' title='bbox 424 1282 525 1325; x_wconf 76' lang='lat' dir='ltr'>omnes</span> <span class='ocrx_word' id='word_1_62' title='bbox 548 1280 641 1341; x_wconf 76' lang='lat' dir='ltr'>parret</span> <span class='ocrx_word' id='word_1_63' title='bbox 657 1260 762 1322; x_wconf 86' lang='lat' dir='ltr'>finium</span> 
     </span>
     <span class='ocr_line' id='line_1_13' title="bbox 8 1340 760 1435; baseline -0.007 -30"><span class='ocrx_word' id='word_1_64' title='bbox 8 1389 11 1405; x_wconf 84' lang='lat'>.</span> <span class='ocrx_word' id='word_1_65' title='bbox 95 1342 544 1435; x_wconf 79' lang='lat' dir='ltr'>Ambiorigis‚aurlegionesaut</span> <span class='ocrx_word' id='word_1_66' title='bbox 554 1342 660 1404; x_wconf 78' lang='lat' dir='ltr'>auxilia</span> <span class='ocrx_word' id='word_1_67' title='bbox 673 1340 760 1401; x_wconf 84' lang='lat' dir='ltr'>dimi-</span> 
     </span>
     <span class='ocr_line' id='line_1_14' title="bbox 95 1420 760 1501; baseline -0.006 -18"><span class='ocrx_word' id='word_1_68' title='bbox 95 1422 199 1497; x_wconf 75' lang='lat' dir='ltr'>sisset3</span> <span class='ocrx_word' id='word_1_69' title='bbox 218 1439 417 1501; x_wconf 77' lang='lat' dir='ltr'>atqueomma</span> <span class='ocrx_word' id='word_1_70' title='bbox 432 1422 551 1483; x_wconf 69' lang='lat' dir='ltr'>caribus</span> <span class='ocrx_word' id='word_1_71' title='bbox 566 1461 576 1492; x_wconf 91' lang='lat'><strong>‚</strong></span> <span class='ocrx_word' id='word_1_72' title='bbox 597 1420 760 1488; x_wconf 82' lang='lat' dir='ltr'>incendiis,</span> 
     </span>
     <span class='ocr_line' id='line_1_15' title="bbox 95 1498 760 1582; baseline -0.005 -21"><span class='ocrx_word' id='word_1_73' title='bbox 95 1502 218 1579; x_wconf 82' lang='lat' dir='ltr'>rapinis,</span> <span class='ocrx_word' id='word_1_74' title='bbox 233 1518 382 1564; x_wconf 79' lang='lat' dir='ltr'>vastasset:</span> <span class='ocrx_word' id='word_1_75' title='bbox 403 1520 513 1582; x_wconf 84' lang='lat' dir='ltr'>magno</span> <span class='ocrx_word' id='word_1_76' title='bbox 527 1519 647 1563; x_wconf 86' lang='lat' dir='ltr'>numero</span> <span class='ocrx_word' id='word_1_77' title='bbox 659 1498 760 1565; x_wconf 82' lang='lat' dir='ltr'>homi-¹</span> 
     </span>
     <span class='ocr_line' id='line_1_16' title="bbox 93 1578 761 1659; baseline -0.004 -18"><span class='ocrx_word' id='word_1_78' title='bbox 93 1601 166 1642; x_wconf 90' lang='lat' dir='ltr'>num</span> <span class='ocrx_word' id='word_1_79' title='bbox 175 1580 326 1642; x_wconf 86' lang='lat' dir='ltr'>interfecto</span> <span class='ocrx_word' id='word_1_80' title='bbox 335 1601 384 1643; x_wconf 87' lang='lat' dir='ltr'>aur</span> <span class='ocrx_word' id='word_1_81' title='bbox 391 1598 498 1659; x_wconf 85' lang='lat' dir='ltr'>capto,</span> <span class='ocrx_word' id='word_1_82' title='bbox 520 1578 681 1641; x_wconf 86' lang='lat' dir='ltr'>Labienum</span> <span class='ocrx_word' id='word_1_83' title='bbox 691 1598 761 1639; x_wconf 89' lang='lat' dir='ltr'>cum</span> 
     </span>
     <span class='ocr_line' id='line_1_17' title="bbox 95 1659 761 1741; baseline 0.003 -20"><span class='ocrx_word' id='word_1_84' title='bbox 95 1680 108 1721; x_wconf 92' lang='lat'>1</span> <span class='ocrx_word' id='word_1_85' title='bbox 119 1680 132 1721; x_wconf 94' lang='lat'>1</span> <span class='ocrx_word' id='word_1_86' title='bbox 143 1661 303 1741; x_wconf 79' lang='lat' dir='ltr'>legionibus</span> <span class='ocrx_word' id='word_1_87' title='bbox 316 1659 347 1719; x_wconf 91' lang='lat' dir='ltr'>in</span> <span class='ocrx_word' id='word_1_88' title='bbox 357 1660 494 1723; x_wconf 78' lang='lat' dir='ltr'>Treviros</span> <span class='ocrx_word' id='word_1_89' title='bbox 510 1660 598 1720; x_wconf 88' lang='lat' dir='ltr'>mittit</span> <span class='ocrx_word' id='word_1_90' title='bbox 609 1682 619 1733; x_wconf 73' lang='grc' dir='ltr'><strong>ς</strong></span> <span class='ocrx_word' id='word_1_91' title='bbox 634 1678 761 1737; x_wconf 77' lang='lat' dir='ltr'>quorum</span> 
     </span>
     <span class='ocr_line' id='line_1_18' title="bbox 94 1737 759 1818; baseline -0.005 -17"><span class='ocrx_word' id='word_1_92' title='bbox 94 1738 214 1809; x_wconf 81' lang='lat' dir='ltr'>civitat,</span> <span class='ocrx_word' id='word_1_93' title='bbox 234 1756 351 1818; x_wconf 83' lang='lat' dir='ltr'>propter</span> <span class='ocrx_word' id='word_1_94' title='bbox 369 1737 534 1802; x_wconf 73' lang='lat' dir='ltr'>Germania</span> <span class='ocrx_word' id='word_1_95' title='bbox 555 1739 759 1806; x_wconf 80' lang='lat' dir='ltr'>vicinitatem,</span> 
     </span>
     <span class='ocr_line' id='line_1_19' title="bbox 94 1815 759 1899; baseline -0.005 -20"><span class='ocrx_word' id='word_1_96' title='bbox 94 1818 266 1899; x_wconf 81' lang='lat' dir='ltr'>quotidianis</span> <span class='ocrx_word' id='word_1_97' title='bbox 283 1818 435 1879; x_wconf 78' lang='lat' dir='ltr'>exercitata</span> <span class='ocrx_word' id='word_1_98' title='bbox 453 1818 554 1887; x_wconf 86' lang='lat' dir='ltr'>bellis,</span> <span class='ocrx_word' id='word_1_99' title='bbox 564 1816 653 1877; x_wconf 87' lang='lat' dir='ltr'>’cultu</span> <span class='ocrx_word' id='word_1_100' title='bbox 669 1833 698 1876; x_wconf 88' lang='lat' dir='ltr'>et</span> <span class='ocrx_word' id='word_1_101' title='bbox 713 1815 759 1876; x_wconf 81' lang='lat' dir='ltr'>fe·</span> 
     </span>
     <span class='ocr_line' id='line_1_20' title="bbox 95 1893 759 1959; baseline -0.008 0"><span class='ocrx_word' id='word_1_102' title='bbox 95 1901 179 1959; x_wconf 82' lang='lat' dir='ltr'>ritate</span> <span class='ocrx_word' id='word_1_103' title='bbox 207 1918 270 1959; x_wconf 91' lang='lat' dir='ltr'>non</span> <span class='ocrx_word' id='word_1_104' title='bbox 286 1899 447 1958; x_wconf 87' lang='lat' dir='ltr'>multuma</span> <span class='ocrx_word' id='word_1_105' title='bbox 469 1895 624 1956; x_wconf 84' lang='lat' dir='ltr'>Germanis</span> <span class='ocrx_word' id='word_1_106' title='bbox 644 1893 759 1955; x_wconf 78' lang='lat' dir='ltr'>differe-</span> 
     </span>
     <span class='ocr_line' id='line_1_21' title="bbox 96 1972 761 2056; baseline -0.009 -17"><span class='ocrx_word' id='word_1_107' title='bbox 96 1980 164 2039; x_wconf 79' lang='lat' dir='ltr'>bat:</span> <span class='ocrx_word' id='word_1_108' title='bbox 181 1996 274 2056; x_wconf 87' lang='lat' dir='ltr'>neque</span> <span class='ocrx_word' id='word_1_109' title='bbox 291 1976 430 2055; x_wconf 85' lang='lat' dir='ltr'>imperata</span> <span class='ocrx_word' id='word_1_110' title='bbox 444 1995 591 2053; x_wconf 80' lang='lat' dir='ltr'>unquam,</span> <span class='ocrx_word' id='word_1_111' title='bbox 607 1972 662 2035; x_wconf 81' lang='lat' dir='ltr'>nisi</span> <span class='ocrx_word' id='word_1_112' title='bbox 673 1992 761 2035; x_wconf 84' lang='lat' dir='ltr'>exer·</span> 
     </span>
     <span class='ocr_line' id='line_1_22' title="bbox 96 2054 758 2126; baseline -0.012 -7"><span class='ocrx_word' id='word_1_113' title='bbox 96 2054 430 2126; x_wconf 63' lang='lat' dir='ltr'>citucoacmfaciebat.</span> <span class='ocrx_word' id='word_1_114' title='bbox 755 2106 758 2111; x_wconf 24' lang='lat' dir='ltr'>i</span> 
     </span>
     <span class='ocr_line' id='line_1_23' title="bbox 136 2128 758 2214; baseline -0.013 -15"><span class='ocrx_word' id='word_1_115' title='bbox 136 2135 273 2214; x_wconf 83' lang='lat' dir='ltr'>xxv-1:</span> <span class='ocrx_word' id='word_1_116' title='bbox 291 2133 410 2195; x_wconf 80' lang='lat' dir='ltr'>Interim</span> <span class='ocrx_word' id='word_1_117' title='bbox 424 2131 462 2194; x_wconf 90' lang='lat' dir='ltr'>C.</span> <span class='ocrx_word' id='word_1_118' title='bbox 480 2128 620 2193; x_wconf 79' lang='lat' dir='ltr'>Caninius</span> <span class='ocrx_word' id='word_1_119' title='bbox 631 2131 758 2212; x_wconf 75' lang='lat' dir='ltr'>legatur,</span> 
     </span>
     <span class='ocr_line' id='line_1_24' title="bbox 98 2210 760 2308; baseline -0.011 -30"><span class='ocrx_word' id='word_1_120' title='bbox 98 2237 165 2279; x_wconf 82' lang='lat' dir='ltr'>cum</span> <span class='ocrx_word' id='word_1_121' title='bbox 192 2235 328 2308; x_wconf 79' lang='lat' dir='ltr'>magnam</span> <span class='ocrx_word' id='word_1_122' title='bbox 352 2212 566 2276; x_wconf 82' lang='lat' dir='ltr'>multitudinem</span> <span class='ocrx_word' id='word_1_123' title='bbox 591 2210 760 2273; x_wconf 76' lang='lat' dir='ltr'>convenisse</span> 
     </span>
     <span class='ocr_line' id='line_1_25' title="bbox 97 2291 759 2361; baseline -0.015 -4"><span class='ocrx_word' id='word_1_124' title='bbox 97 2295 222 2357; x_wconf 84' lang='lat' dir='ltr'>hostium</span> <span class='ocrx_word' id='word_1_125' title='bbox 243 2314 273 2355; x_wconf 90' lang='lat' dir='ltr'>m</span> <span class='ocrx_word' id='word_1_126' title='bbox 294 2292 365 2354; x_wconf 81' lang='lat' dir='ltr'>fines</span> <span class='ocrx_word' id='word_1_127' title='bbox 374 2293 547 2361; x_wconf 72' lang='lat' dir='ltr'>Pictonum,</span> <span class='ocrx_word' id='word_1_128' title='bbox 566 2291 666 2353; x_wconf 84' lang='lat' dir='ltr'>litteris</span> <span class='ocrx_word' id='word_1_129' title='bbox 680 2309 759 2349; x_wconf 88' lang='lat' dir='ltr'>nun-</span> 
     </span>
     <span class='ocr_line' id='line_1_26' title="bbox 96 2370 758 2454; baseline -0.011 -18"><span class='ocrx_word' id='word_1_130' title='bbox 96 2374 203 2454; x_wconf 81' lang='lat' dir='ltr'>ciisque</span> <span class='ocrx_word' id='word_1_131' title='bbox 215 2370 366 2434; x_wconf 86' lang='lat' dir='ltr'>Duraciic</span> <span class='ocrx_word' id='word_1_132' title='bbox 426 2372 560 2438; x_wconf 71' lang='lat' dir='ltr'>misser,</span> <span class='ocrx_word' id='word_1_133' title='bbox 587 2370 636 2447; x_wconf 87' lang='lat' dir='ltr'>qui</span> <span class='ocrx_word' id='word_1_134' title='bbox 654 2388 758 2446; x_wconf 86' lang='lat' dir='ltr'>perpe-</span> 
     </span>
     <span class='ocr_line' id='line_1_27' title="bbox 97 2451 761 2527; baseline -0.008 -11"><span class='ocrx_word' id='word_1_135' title='bbox 97 2472 150 2516; x_wconf 82' lang='lat' dir='ltr'>nto</span> <span class='ocrx_word' id='word_1_136' title='bbox 171 2453 202 2513; x_wconf 88' lang='lat' dir='ltr'>in</span> <span class='ocrx_word' id='word_1_137' title='bbox 226 2451 353 2513; x_wconf 86' lang='lat' dir='ltr'>amicitia</span> <span class='ocrx_word' id='word_1_138' title='bbox 399 2469 572 2511; x_wconf 87' lang='lat' dir='ltr'>omanorum</span> <span class='ocrx_word' id='word_1_139' title='bbox 596 2466 761 2527; x_wconf 81' lang='lat' dir='ltr'>permanse-</span> 
     </span>
     <span class='ocr_line' id='line_1_28' title="bbox 97 2527 759 2610; baseline -0.011 -15"><span class='ocrx_word' id='word_1_140' title='bbox 97 2551 161 2603; x_wconf 85' lang='lat' dir='ltr'>rat,</span> <span class='ocrx_word' id='word_1_141' title='bbox 175 2552 244 2593; x_wconf 84' lang='lat' dir='ltr'>eum</span> <span class='ocrx_word' id='word_1_142' title='bbox 258 2550 322 2610; x_wconf 84' lang='lat' dir='ltr'>pars</span> <span class='ocrx_word' id='word_1_143' title='bbox 336 2529 464 2607; x_wconf 75' lang='lat' dir='ltr'>quadam</span> <span class='ocrx_word' id='word_1_144' title='bbox 478 2528 601 2591; x_wconf 74' lang='lat' dir='ltr'>civitatis</span> <span class='ocrx_word' id='word_1_145' title='bbox 610 2527 671 2606; x_wconf 81' lang='lat' dir='ltr'>ejus</span> <span class='ocrx_word' id='word_1_146' title='bbox 681 2528 759 2588; x_wconf 82' lang='lat' dir='ltr'>dese·</span> 
     </span>
     <span class='ocr_line' id='line_1_29' title="bbox 98 2606 757 2695; baseline -0.012 -20"><span class='ocrx_word' id='word_1_147' title='bbox 98 2614 203 2681; x_wconf 74' lang='lat' dir='ltr'>cister,</span> <span class='ocrx_word' id='word_1_148' title='bbox 215 2610 251 2672; x_wconf 90' lang='lat' dir='ltr'>ad</span> <span class='ocrx_word' id='word_1_149' title='bbox 269 2610 406 2692; x_wconf 85' lang='lat' dir='ltr'>oppidum</span> <span class='ocrx_word' id='word_1_150' title='bbox 422 2608 579 2669; x_wconf 84' lang='lat' dir='ltr'>Limonem</span> <span class='ocrx_word' id='word_1_151' title='bbox 594 2606 757 2695; x_wconf 58' lang='lat' dir='ltr'>contendite</span> 
     </span>
     <span class='ocr_line' id='line_1_30' title="bbox 98 2685 758 2774; baseline -0.012 -21"><span class='ocrx_word' id='word_1_152' title='bbox 98 2711 157 2771; x_wconf 82' lang='lat' dir='ltr'>quo</span> <span class='ocrx_word' id='word_1_153' title='bbox 174 2708 242 2751; x_wconf 84' lang='lat' dir='ltr'>cum</span> <span class='ocrx_word' id='word_1_154' title='bbox 263 2694 451 2757; x_wconf 84' lang='lat' dir='ltr'>adventaret,</span> <span class='ocrx_word' id='word_1_155' title='bbox 481 2704 567 2765; x_wconf 82' lang='lat' dir='ltr'>atque</span> <span class='ocrx_word' id='word_1_156' title='bbox 584 2706 622 2747; x_wconf 76' lang='lat' dir='ltr'>ex</span> <span class='ocrx_word' id='word_1_157' title='bbox 637 2685 758 2774; x_wconf 67' lang='lat' dir='ltr'>captirrt</span> 
     </span>
     <span class='ocr_line' id='line_1_31' title="bbox 96 2763 759 2853; baseline -0.015 -18"><span class='ocrx_word' id='word_1_158' title='bbox 96 2766 676 2853; x_wconf 64' lang='lat' dir='ltr'>cerduwgnosoeret‚.mu1tishontnm</span> <span class='ocrx_word' id='word_1_159' title='bbox 687 2763 759 2825; x_wconf 58' lang='lat' dir='ltr'>nul«</span> 
     </span>
    </p>
   </div>
   <div class='ocr_carea' id='block_1_3' title="bbox 0 0 1004 3542">
    <p class='ocr_par' dir='ltr' id='par_1_3' title="bbox 0 0 1004 3542">
     <span class='ocr_line' id='line_1_32' title="bbox 0 0 1004 3542; baseline 0 0"><span class='ocrx_word' id='word_1_160' title='bbox 0 0 1004 3542; x_wconf 95' lang='lat' dir='ltr'> </span> 
     </span>
    </p>
   </div>
  </div>
 </body>
</html>
