2000 3542
227 305 266 362 70
315 281 809 360 enensrnrscmnmrt

183 435 186 441 “
226 445 292 486 rum
309 443 372 504 pars
388 439 487 500 aperto
509 421 596 482 lutere
613 417 742 498 legiones
762 415 893 476 circum-

226 505 347 573 venire,
363 525 426 580 pars
449 522 593 564 summum
615 518 771 568 castrorum
788 495 892 553 locunt

226 603 322 661 petere
340 583 438 661 eoepit.
900 619 905 622 -

235 738 237 740 Ι
267 661 384 724 XXIV.
402 659 514 722 Eodem
523 675 652 734 tempore
663 653 769 732 equites
779 648 892 716 nostri,

228 741 355 820 levisque
376 759 522 802 armaturae
540 738 667 816 pedites,
692 734 740 811 qui
762 753 830 792 tum
847 727 893 786 his

229 843 285 881 una
299 823 426 889 fuerant,
442 839 514 898 quos
529 817 623 896 primo
638 816 763 876 hostiurn
777 811 894 886 impetu

228 903 324 978 pulsos
341 903 496 966 dixeram,
518 915 585 959 eum
607 897 685 955 sein
709 910 797 954 castra
818 888 898 960 reci*

229 996 328 1057 petent
337 978 480 1050 ,adversis
492 975 618 1037 hostibus
633 973 838 1035 occurrebant,
856 986 894 1026 ac

229 1080 321 1120 rursus
338 1061 425 1120 aliam
446 1057 602 1135 inpartem
619 1055 717 1133 fugam
736 1050 895 1128 petebant:

231 1159 261 1198 et
270 1141 403 1210 calones,
417 1139 466 1216 qui
475 1159 492 1198 a
500 1132 670 1197 Detumana
681 1151 762 1210 porta
771 1147 805 1187 ac
814 1148 896 1187 sum·

230 1239 283 1278 mo
306 1219 376 1300 jugo
398 1218 480 1278 tollis
506 1232 618 1276 nostros
640 1215 762 1274 uictores
781 1204 895 1284 flumen·

230 1300 347 1360 transire
372 1314 579 1374 conspexerant
599 1333 620 1363 ‚‚
641 1289 782 1371 praedandi
808 1307 895 1346 eausa

232 1381 361 1458 egressi,
384 1399 451 1448 turn
472 1373 684 1453 respexissent,
697 1389 729 1432 et
742 1369 838 1430 hostes
860 1367 896 1424 in·

230 1459 333 1516 uostris
351 1458 445 1518 castris
462 1455 568 1518 versari
584 1453 738 1521 vidissent,
759 1445 893 1528 praceipi-

232 1553 273 1594 tes
292 1556 349 1598 sese
364 1537 436 1616 lugae
454 1534 649 1594 mandabant:
669 1531 754 1592 simul
770 1545 893 1594 eorum,

231 1615 279 1689 qui
293 1635 358 1682 cum
369 1614 577 1690 impedimentis
592 1613 762 1678 veniebant,
780 1606 897 1666 elamor

230 1695 412 1771 fremitusque
436 1693 578 1754 oriebatur
596 1713 609 1763 3-
630 1691 733 1767 aliique
753 1686 839 1748 aliam
860 1684 894 1742 in·

229 1791 340 1850 panem
357 1771 494 1851 perterriti
508 1771 678 1831 ferebantur.
697 1768 808 1844 Quibus
825 1784 893 1822 orn-

231 1853 313 1924 nibus
329 1857 410 1914 rebus
421 1852 545 1930 permoti
560 1851 666 1928 equites
675 1845 806 1912 Treviri,
818 1861 893 1920 quo·

231 1953 296 1993 rum
314 1934 386 1994 inter
404 1931 509 1992 Gallos
528 1931 637 1993 uirtutis
654 1927 759 2006 opinio
771 1944 814 1985 est
834 1923 893 1982 sin·

231 2013 352 2092 quintis,
371 2011 419 2088 qui
434 2009 783 2072 auxiliicausaaeivitate
793 2001 889 2069 missi,

232 2091 268 2152 ad
289 2089 430 2150 Caesarem
450 2107 607 2158 venerant,
627 2109 693 2148 cum
711 2081 892 2144 multitudine

232 2167 358 2260 hostiurn
375 2185 463 2228 eastra
478 2186 576 2228 nostra
592 2166 751 2244 compleri,
763 2163 893 2253 legiones

231 2267 323 2326 premi
332 2288 346 2316 ,
363 2265 391 2306 et
406 2267 478 2324 pene
493 2263 698 2308 circumventas
715 2262 822 2310 tenen,
843 2261 893 2300 ea-

232 2329 335 2397 lones,
352 2329 475 2404 equites,
492 2326 664 2395 funditores,
681 2321 839 2387 Numidas,
849 2319 897 2377 di-

233 2427 329 2468 versos
351 2407 550 2484 dissipatosque
570 2407 600 2464 in·
619 2423 719 2466 omnes
738 2418 830 2479 partes
848 2397 895 2458 fu·

232 2505 299 2566 gere
320 2485 477 2564 vidissent,
496 2485 645 2562 desperatis
665 2483 766 2543 nostris
786 2480 892 2546 rebus,

233 2565 352 2624 domurn
378 2563 603 2636 contenderun13
619 2563 769 2623 Romanos
795 2557 894 2634 pulsos

232 2657 431 2720 superatosque
460 2683 470 2713 ,
506 2643 608 2704 eastris
629 2637 893 2718 impedimentisque

234 2744 336 2784 uorum
352 2720 447 2784 hostes
465 2721 601 2802 potitos,
619 2720 728 2785 ciuitati
743 2715 896 2782 renuntia·

231 2818 345 2867 serunt.
382 2863 386 2868 ,
