2000 3542
124 308 693 379 nsBmoGtmcoL1s.V11.
708 338 765 396 255

92 460 235 516 tentare,
260 444 421 522 liberosque
438 443 469 505 in
489 464 643 523 conspectu
656 452 773 527 profer·
837 460 840 465 '

96 544 131 585 te
142 543 300 601 coeperunt.
311 526 379 587 Erat
389 524 546 595 Romanis,
558 546 613 587 nec
621 528 690 591 loco
700 551 772 601 ,nec

95 622 225 665 numero
242 625 320 681 aequa
339 604 512 667 contentio:
530 604 655 669 simulet
668 620 769 681 cursu,

94 682 573 764 etspatiopugnaedesatigati,non
580 684 771 751 facilerecen·

94 778 142 822 tes
154 780 239 840 atque
246 764 374 858 integros
390 762 574 825 sustinebant.

137 839 272 903 XLIX.
287 841 403 910 Laesar,
419 862 487 903 cum
507 842 606 920 iniquo
625 842 694 903 loco
711 866 767 922 pu·

93 921 202 998 gnari,
220 920 405 997 hostiumque
418 942 456 981 au
475 922 515 981 eri
530 922 626 999 copias
638 922 768 999 videret;

93 1018 285 1075 praememens
295 999 370 1068 suis,
384 999 420 1059 ad
431 942 612 1063 {Sextium
620 1002 766 1084 legatum,

93 1097 185 1154 quem
207 1077 366 1145 minoribus
383 1080 480 1143 castris
498 1079 626 1157 presidio
638 1080 765 1159 telique·

94 1175 158 1226 rat,
170 1157 278 1230 mittit,
291 1174 322 1218 ut
332 1155 465 1217 cohortes
484 1178 520 1225 ex
531 1160 627 1219 castris
636 1160 767 1222 celeriter

95 1235 247 1306 educeret,
263 1238 352 1300 etsub
365 1236 468 1297 infimo
475 1237 554 1297 colle
561 1240 596 1299 ab
610 1237 709 1302 dextro
719 1240 766 1299 la·-

94 1332 157 1378 tere
176 1313 305 1377 hostium
327 1316 531 1377 constitueret:
551 1334 598 1385 ut,
612 1317 636 1377 si
653 1334 767 1411 nosttqs

95 1394 229 1471 depulsos
249 1394 318 1455 loco
342 1394 472 1463 vidisset,
487 1414 546 1471 quo
562 1395 656 1460 minus
677 1396 766 1457 iibere

93 1471 191 1534 hostes
215 1473 445 1551 insequerentur,
471 1492 597 1535 terreret.
611 1475 674 1552 lpse
693 1494 766 1552 pau·

94 1553 159 1612 lum
179 1572 217 1613 ex
234 1571 271 1617 eo
289 1553 358 1613 loco
372 1573 439 1613 cum
454 1552 569 1633 legione
584 1573 764 1635 progressus,

95 1632 145 1691 ubi
161 1630 348 1699 constiterat,
374 1649 510 1697 eventum
529 1653 630 1717 pugnat
648 1652 766 1717 exspes·

96 1714 186 1773 tabat.

139 1787 175 1851 L.
187 1787 264 1851 Cum
273 1786 411 1850 acerrime
423 1787 556 1849 cominus
570 1793 765 1881 pugna'returt

96 1866 212 1936 hostes,
237 1868 305 1928 loco
323 1884 352 1933 et
369 1886 491 1928 numero
507 1890 518 1939 ς
532 1886 641 1937 nostri,
660 1870 764 1931 virtute

95 1947 287 2010 confiderentt
300 1946 395 2010 subito
405 1964 468 2007 sunt
482 1944 568 2007 AEdui
582 1944 654 2017 visi,
668 1950 703 2008 ab
715 1948 762 2007 la·

96 2045 158 2087 tere
167 2025 270 2087 nostris
286 2042 406 2163 asserto,
421 2045 494 2103 quos
505 2024 599 2086 Caesar
616 2027 651 2085 ab
665 2024 766 2093 dextra

96 2125 178 2187 parte
197 2105 256 2166 alio
279 2124 443 2174 ascensu,
476 2124 578 2165 manus
600 2104 764 2169 distinenda

97 2206 201 2254 causa,
222 2183 347 2249 miserat.
367 2183 391 2243 li
414 2182 599 2245 similitudine
616 2205 766 2251 armorum

98 2262 281 2326 vehementer
290 2279 403 2323 nostros
412 2280 640 2339 perterruerunts
652 2278 688 2324 ac
698 2304 708 2335 ‚
719 2280 765 2325 ta-

98 2342 181 2403 metsi
195 2338 302 2403 dextris
318 2340 443 2401 humeris
456 2340 563 2407 exertis
580 2342 762 2403 animadver-

98 2423 247 2491 tebantut,
261 2420 343 2498 quod·
354 2421 467 2501 insigne
480 2419 586 2497 pacatis
608 2440 667 2480 esse
688 2441 763 2481 con-

99 2518 247 2572 sueveratt
257 2519 355 2561 tamen
363 2499 390 2559 id
401 2499 494 2577 ipsum
506 2498 670 2559 suifallendi
677 2521 766 2571 cause

99 2580 204 2639 milites
223 2583 258 2641 ab
280 2577 407 2639 hostibus
426 2578 535 2639 factum
552 2578 765 2645 existimabant·

100 2657 211 2719 Eodem
222 2664 352 2734 tempore
367 2655 401 2717 L.
413 2654 516 2717 Fabius
534 2657 683 2727 centurio,
696 2657 763 2735 qui·

99 2758 154 2817 que
169 2758 227 2805 una
247 2758 361 2806 mittum
381 2735 606 2807 adscendetant,
634 2736 762 2805 circum<
