2000 3542
178 306 800 409 ntBtttoGttttfo.Ltn.IV.131

130 454 245 529 ceptis,
263 450 428 528 complures
442 470 479 511 ex
496 450 531 511 iis
544 450 719 515 oeciderunt
733 450 804 513 Pos-

129 547 180 591 tea
203 552 275 593 veto
297 551 384 608 qnam
400 529 539 607 equitatus
553 548 650 593 notter
667 533 698 592 in
717 552 804 593 cons·

128 626 249 687 pectunt
275 611 384 677 venit,
406 608 530 678 hostes,
556 611 672 685 abjectis
693 612 800 679 amnis,

127 706 213 770 terga
236 700 411 779 vertemt'tt3
433 707 608 768 magnusque
626 708 727 751 eorum
742 711 800 751 nu·

127 788 227 829 merus
243 787 285 829 est
301 788 423 829 occisus.

168 845 387 909 XXXVIII.
420 842 516 906 Caesat
535 862 652 923 postero
678 845 725 908 die
757 844 798 907 T.

125 922 291 987 Labienum
309 926 467 1006 legatum,
492 944 561 986 cunt
583 924 651 986 iitl
688 925 799 989 'onibus

126 1024 202 1083 quat
215 1024 254 1067 ex
266 1004 411 1066 Britannia
423 1001 591 1073 redamat,
604 1005 637 1066 ’m
681 1006 798 1078 crinon,

127 1086 181 1162 qui
196 1084 384 1145 rebellionem
393 1082 540 1155 fecerant,
554 1083 651 1145 mititt
666 1086 715 1163 qni
727 1103 797 1147 cunt

128 1181 247 1243 propter
264 1163 403 1225 siccitates
422 1161 581 1239 paludum,
598 1182 656 1241 quo
674 1184 703 1224 te
720 1165 797 1224 teci-

124 1261 246 1322 perent‚
264 1261 324 1303 non
343 1241 481 1302 baberent
498 1280 509 1310 ‚
529 1258 590 1319 quo
603 1242 742 1382 mgie
749 1264 794 1305 su·

123 1323 241 1401 perinte
260 1338 337 1382 anno
352 1319 523 1381 fuetant'usi
536 1362 549 1388 ,
568 1340 670 1381 omnes
761 1322 792 1382 in

123 1419 297 1481 potestatem
322 1398 441 1461 Labieni
458 1418 607 1459 venerunt.
624 1400 665 1461 At
679 1399 722 1479 Q.
741 1400 794 1461 Ti-

117 1483 214 1543 'tutius
229 1498 258 1541 et
276 1480 311 1542 L.
330 1479 418 1539 Cotta
434 1478 549 1560 iegati,
578 1480 627 1559 qui
646 1481 675 1541 in
692 1482 793 1541 Mena·

121 1562 240 1641 piorum
255 1560 326 1619 fines
342 1557 470 1641 legiones
484 1558 642 1628 duxerant,
657 1560 791 1623 omnibus

122 1660 228 1703 eornm
246 1639 320 1722 agris
337 1637 473 1707 vastatis,
492 1638 639 1699 frumentis
655 1640 790 1711 succisis,

119 1716 303 1797 aedificiisque
319 1717 464 1786 intensis,
482 1717 558 1795 quod
577 1718 704 1796 Menapii
720 1740 791 1781 otn-
863 1718 868 1727 ’

122 1820 176 1861 nes
198 1819 228 1860 se
252 1798 284 1857 itt
304 1796 478 1858 densissimas
498 1794 582 1856 silvas
605 1798 788 1870 abdiderant,

122 1879 160 1941 ad
169 1878 312 1939 Caetatem
321 1898 351 1939 se
361 1892 538 1953 receperunt.
548 1873 643 1934 Caesar
651 1872 683 1935 in
693 1876 745 1937 Bel
766 1877 788 1937 't

123 1956 258 2019 omnium
273 1956 423 2037 legionum
438 1952 554 2014 hiberna
571 1954 728 2015 constituit.
767 1974 788 2015 0

122 2036 184 2099 duae
196 2036 319 2097 omnino
328 2032 455 2096 civitates
466 2054 503 2092 ex
519 2033 663 2093 Britannia
677 2032 787 2095 obsidet

122 2117 282 2178 miserunt:
298 2114 412 2190 reliqua
426 2114 622 2195 neglexerunt.
638 2112 693 2173 His
705 2114 787 2175 tebnt

122 2194 232 2276 gestis,
252 2212 288 2255 en
297 2192 395 2254 litteris
410 2191 527 2253 Casatis
542 2192 651 2254 diemm
665 2212 710 2254 xx
723 2214 787 2273 sup·

122 2274 242 2356 plicatio
260 2294 277 2335 a
292 2290 390 2335 senatu
405 2271 517 2333 decreta
533 2288 589 2337 est.

409 2552 477 2669 ab
553 2665 555 2670 ,
