2000 3542
229 344 815 417 usercusssursconnrus.
862 364 865 373 ¹

190 510 202 535 σ
225 484 300 563 plius
311 504 332 544 x
347 501 451 547 etrrx
462 482 521 547 dies
537 484 568 565 in
584 482 708 546 hibernis
725 502 797 547 esset
809 493 895 547 comi·

227 583 356 627 moratus
379 607 391 635 ,
414 565 543 647 legiones
574 584 640 627 xtu
670 581 699 625 et
719 586 759 627 vr
789 586 824 627 ex
845 566 895 624 hi-

226 645 320 704 bernis
330 646 366 705 ab
383 644 474 705 Arare
489 644 603 707 educit:
622 664 691 721 quas
704 645 744 706 ibi
760 645 897 705 colloca-

225 738 294 793 tas,
320 723 494 804 explicandae
517 724 559 785 rei
578 724 767 785 mimentariae
786 745 895 793 causa,

166 805 177 821 ⁶
225 800 372 881 superiore
413 800 633 865 Commentario
666 803 897 863 demonstratum

227 897 280 942 est.
301 882 345 943 lta
361 904 430 945 cum
441 902 478 943 ιι
493 882 654 975 legionrlrus
670 882 708 943 ad
721 900 897 963 persequen-

224 960 277 1020 dos
288 960 427 1023 Carnutes
437 962 637 1040 proficiscitur.

266 1038 307 1101 V.
326 1040 403 1101 Cum
415 1040 492 1101 fama
507 1040 647 1101 exercitus
662 1038 696 1099 ad
713 1036 808 1099 hostes
820 1052 895 1099 esset

226 1120 353 1197 perlata,
373 1118 536 1181 calamitate
547 1136 708 1179 ceterorum
723 1117 799 1179 ducti
816 1116 894 1178 Car-

137 1204 143 1218 “
226 1216 332 1268 nutes,
349 1199 462 1261 desertis
472 1199 542 1261 vicis
552 1197 737 1277 oppidisque,
755 1216 833 1275 qun,
845 1214 895 1257 to·

226 1278 348 1341 lerandae
360 1278 463 1339 hiemis
479 1298 580 1347 causa,
599 1274 758 1337 constitutis
773 1293 892 1353 repente

227 1356 337 1437 exiguis
349 1358 384 1419 ad
402 1356 598 1431 necessitatem
616 1354 758 1420 aedificiis,
782 1354 895 1418 incole·

228 1434 893 1515 bant;(nupereninrdevicti,c0mpluraoppiss·

228 1516 262 1576 da
274 1516 453 1577 dimiserant:
465 1515 603 1606 ldispersi
611 1514 786 1595 profugium.
797 1512 895 1608 Caesar

224 1613 406 1674 erumpentes
424 1613 462 1655 eo
482 1615 610 1655 maxume
629 1612 759 1671 tempore
782 1611 891 1655 acern-

224 1695 288 1733 mas
303 1689 483 1753 tempestates
499 1694 567 1733 cum
588 1672 679 1735 subire
695 1672 799 1733 milites
822 1674 891 1735 nol·
983 1690 984 1693 ’

223 1754 286 1823 let,
303 1751 333 1813 in
353 1752 459 1832 oppido
477 1750 637 1815 Carnutum
658 1750 783 1813 Genabo
799 1769 890 1813 castra

224 1832 327 1913 ponitt
345 1852 429 1911 atque
454 1834 484 1893 in
499 1849 573 1893 recta
586 1833 690 1913 panim
708 1829 891 1904 Gallorum,

224 1912 329 1993 partim
338 1912 569 1992 quae,conjeetis
579 1912 707 1973 celeriter
718 1912 890 1983 stramentis,
983 1926 984 1937 ¹

224 1991 416 2055 tentoriorum
438 1990 656 2072 integendorum
676 1991 786 2073 gratia,
807 1990 889 2053 erani

189 2063 414 2141 “inaedificata,
432 2071 537 2131 milites
556 2071 703 2152 contegit:
720 2070 829 2148 equites
843 2073 889 2131 ta&

224 2171 314 2219 men,
342 2168 371 2223 et
399 2150 564 2211 auniliarios
583 2150 711 2228 pedites,
732 2151 761 2209 in
785 2160 888 2213 omnes
981 2218 984 2235 ⁴

224 2246 317 2307 partes
334 2229 447 2296 mittit,
479 2248 671 2309 quascumque
689 2230 796 2307 petisse
809 2228 888 2289 dice-

224 2309 326 2369 bantur
335 2306 452 2372 hostes:
472 2327 526 2369 nec
542 2308 660 2382 frustrat
676 2328 743 2369 narn
762 2308 889 2385 plenrm'·

225 2409 281 2465 que
297 2408 401 2468 magna
416 2386 508 2465 praeda
528 2387 612 2465 potiti
628 2386 716 2448 nostri
734 2390 887 2447 revertimi-
983 2444 984 2463 χ

222 2468 281 2544 [turi
290 2464 429 2543 Oppressi
439 2464 577 2527 Carnutes
592 2464 694 2533 hiemis
702 2462 886 2537 difficultate,
983 2540 984 2543 Ἴ

184 2595 185 2599 ,
222 2562 330 2612 terrore
347 2542 482 2621 periculi,
495 2566 563 2605 cum
578 2547 657 2607 tectis
673 2543 786 2624 expulsi
801 2545 887 2606 nullo

222 2624 292 2686 loco
308 2624 409 2683 diutius
425 2626 577 2683 consistere
598 2624 749 2692 auderent,
763 2642 817 2683 nec
835 2624 889 2685 sil-

221 2725 325 2782 uamm
348 2702 476 2781 praesidio
500 2704 711 2783 tempestatibus
733 2702 888 2766 durissimis
983 2724 984 2731 ¹

224 2784 284 2868 tegi
298 2799 412 2865 possent
421 2803 431 2859 3
440 2782 575 2864 dispersi,
592 2804 697 2870 magna
704 2800 783 2866 parte
797 2782 888 2846 amis-
