2000 3542
249 320 834 397 monensrnrscwnsns.

245 459 289 522 uri
307 470 479 535 potestatem
499 452 605 511 faceret
620 442 655 511 'in
681 451 778 513 Ubios
801 453 913 534 legatos

246 534 388 598 mittendi.
407 533 543 609 Quorum
558 531 582 592 si
595 532 736 609 principes
747 552 782 591 ac
799 548 912 593 senatus

246 616 301 679 tibi
318 610 500 693 jurejurando
517 609 603 668 fidem
617 610 765 679 fecissent,
782 629 817 669 ea
835 630 912 671 con·

244 694 373 760 ditione,
391 710 452 769 quae
471 710 490 749 a
509 685 774 757 caesareensem,
794 708 826 749 se
841 712 914 756 usu·

245 794 294 835 ros
314 772 521 846 ostendebant:
540 766 575 827 ad
591 766 642 828 bas
660 788 703 829 res
717 767 914 834 conficiendas

244 854 298 919 sibi
311 849 394 911 tridui
407 849 531 926 spatium
542 846 629 907 daret.
648 846 719 907 Haec
731 846 830 907 omnia
841 846 912 909 Cae-

245 949 292 996 sar
310 927 415 992 eodem
445 927 498 990 illo
525 926 666 1001 pertinere
689 926 911 995 arbitrabatur,

244 1027 278 1072 ut
288 1049 299 1077 ,
318 1006 402 1072 tridui
420 1024 503 1065 mora
524 1004 709 1080 interposita,
728 1004 836 1082 equites
854 1024 912 1065 eo-

244 1105 330 1156 rum,
346 1085 396 1165 qui
409 1087 554 1153 abessent,
571 1100 797 1150 reverterentur:
811 1101 912 1143 tamen

244 1185 385 1228 essenon
411 1164 525 1243 longius
554 1163 681 1228 millibus
704 1184 846 1241 passuum.
864 1182 913 1226 tv

244 1244 405 1323 aquationis
414 1262 498 1309 eausa
509 1260 705 1317 processurum
713 1261 752 1302 eo
763 1243 808 1301 die
819 1241 911 1314 dinitt

195 1346 203 1359 ·
245 1324 301 1385 buc
316 1340 430 1404 postero
443 1321 488 1381 die
503 1341 590 1397 quam
601 1321 819 1398 frequentissimi
833 1340 911 1380 con·

245 1404 394 1470 venirent,
414 1418 445 1463 ut
456 1401 490 1459 de
506 1418 608 1459 eorum
622 1401 770 1477 postulatis
782 1420 912 1480 cognose·
929 1451 931 1459 .

243 1498 332 1541 cerer.
346 1479 464 1541 Interim
477 1476 512 1537 ad
522 1479 687 1553 prefectos,
698 1480 747 1558 qui
761 1499 828 1541 tum
838 1499 908 1538 om·-

243 1560 274 1621 ni
285 1560 410 1636 equitant
421 1574 646 1626 antecesserant,
657 1558 762 1626 mittit,
772 1558 821 1635 qui
829 1578 909 1617 nun·

243 1638 369 1709 piarent,
379 1652 422 1707 ¹ne
434 1633 529 1700 hostes
540 1636 644 1712 proelio
653 1638 821 1697 lacesserent
833 1658 843 1709 ς
856 1652 907 1706 et,

242 1718 266 1776 si
287 1716 339 1795 ipsi
358 1716 580 1783 lacesserentur,
599 1715 766 1777 sustinerent
777 1746 788 1784 ·,
800 1714 909 1792 quoad

241 1796 301 1881 ipse
317 1816 386 1863 eum
402 1795 530 1858 exercitu
546 1795 661 1871 propius
677 1794 846 1857 accessisset.

282 1873 365 1939 XII.
388 1873 429 1933 At
445 1872 561 1943 hostes,
582 1874 631 1933 ubi
646 1874 775 1950 prunum
790 1888 908 1933 nostrus

241 1955 350 2032 equites
377 1968 613 2030 conspexemnt,
647 1972 770 2030 quorum
797 1971 858 2012 erat
884 1972 907 2014 v

242 2034 369 2099 nullium
385 2050 536 2099 numerus,
554 2051 622 2090 curn
637 2030 690 2109 ipsi
705 2050 766 2089 non
783 2031 907 2108 amplius

242 2131 342 2173 neec
362 2109 472 2185 equites
497 2108 657 2179 haberent,
680 2109 758 2186 quod
780 2110 830 2177 ii,
855 2111 907 2185 qui

242 2187 432 2251 frumentandi
454 2208 539 2247 eausa
560 2189 744 2262 ieranttrans
765 2188 904 2259 Mosam,

241 2268 370 2329 nondum
383 2265 524 2326 redierant
541 2287 551 2336 3
569 2266 641 2327 nibil
656 2267 759 2336 nostris
772 2266 904 2326 timenti-

241 2352 292 2410 bus
316 2362 326 2415 3
348 2345 426 2423 ,quod
450 2345 538 2427 legati
556 2366 657 2407 eorum
682 2347 769 2423 paulo
792 2362 859 2405 ante
883 2365 904 2406 a

240 2428 352 2487 Caesare
365 2425 561 2493 discesserant,
578 2443 661 2501 atque
676 2426 700 2489 is
712 2425 769 2483 dies
783 2423 904 2488 induciis

241 2522 303 2566 erat
317 2507 352 2565 ab
370 2504 403 2562 iis
420 2503 542 2580 peritus,
562 2503 671 2581 impetu
681 2503 779 2572 freto,
796 2503 902 2568 celeri·

240 2602 283 2645 ter
297 2598 410 2651 nostros
424 2584 677 2661 petmtbavetuntt
690 2602 800 2652 rursus,-
815 2583 901 2648 resis-

238 2662 361 2729 tentibus
371 2662 703 2733 nostris„c0nsuetudine
714 2680 781 2730 sua,
799 2660 835 2721 ad
845 2681 900 2737 pe·

237 2743 286 2813 ebs
300 2740 484 2813 desilierunt,
502 2739 676 2821 suffossisque
694 2739 796 2818 equis,
811 2758 899 2803 com·
