2000 3542
116 312 764 385 orBautoGsrttcoLru.VIII.r99

92 456 268 537 longiusque
290 455 545 534 tela'pernritteret
565 474 575 532 ς
594 456 692 529 aiter,
714 456 764 537 qui

92 536 217 615 propior
238 533 352 597 hostem
374 535 404 595 in
422 536 484 613 ipso
504 538 586 598 vallo
603 537 763 609 coiloc'anrs
829 604 834 615 ⁸

93 634 186 686 esser,
199 633 287 692 ponte
294 617 331 675 ab
340 614 527 682 incidentibus
538 618 601 677 reiis
608 634 763 699 tegerentr.

90 692 190 755 Portis
200 694 277 754 fores
289 732 300 763 ,
310 694 480 773 altioresque
490 714 578 755 turres
588 697 737 775 imposuit,
754 740 759 757 r

133 773 177 837 Χ.
196 769 291 852 Hujus
307 772 475 834 munitionis
491 774 597 851 duplex
614 790 674 837 erat
687 796 761 837 cona

90 853 211 915 silium:
222 871 347 929 namque
359 870 389 912 et
399 871 519 931 operum
534 853 761 936 magnitudinem

90 950 122 992 et
142 933 279 993 timorem
295 950 377 991 suum
396 932 528 1010 sperabat
541 928 673 997 fidutiam
695 934 762 993 bar··

90 1012 167 1071 baris
184 1011 336 1072 allaturum
347 1032 357 1081 ς
369 1027 415 1083 et,
437 1031 505 1077 cum
523 1012 690 1089 pabulatum
701 1010 761 1073 fru-

88 1108 309 1166 mentatumque
333 1088 448 1168 longius
472 1108 545 1150 esset
574 1090 760 1167 proficiscen-

89 1167 182 1237 dum,
202 1167 343 1244 patrisso
364 1166 397 1225 iis
411 1184 502 1227 castra
517 1168 677 1231 munitione
696 1168 757 1247 ipsa
802 1218 806 1224 .

88 1246 205 1308 videbat
225 1262 307 1323 posse
351 1244 455 1307 ciendi.
478 1245 628 1317 Interim,
656 1248 758 1309 crebro

88 1326 189 1406 paucis
196 1325 340 1404 utrimque
351 1324 597 1402 procurrentibus,
606 1326 678 1387 inter
688 1326 758 1389 bina

89 1422 182 1468 eastra
196 1402 298 1482 palude
316 1402 483 1485 interjecta,
506 1404 753 1467 contendebatur:

89 1506 179 1564 quam
199 1485 297 1545 tamen
316 1482 456 1623 &eludent
482 1503 690 1563 nonnunquam
707 1500 758 1545 aut

88 1582 186 1632 nostra
198 1562 306 1625 auxilia
348 1561 473 1623 allorum
481 1560 757 1645 Germanorumque

89 1643 266 1712 transibant,
288 1642 434 1721 acriusque
456 1640 552 1705 bostes
567 1640 760 1723 insequeban-.

88 1739 137 1788 tur
156 1743 167 1796 3
196 1738 245 1787 aut
263 1720 389 1784 vicissim
405 1719 499 1784 hostes
519 1722 653 1785 eamdem
666 1741 757 1786 trans·

88 1802 176 1886 gressi
189 1841 200 1872 ,
216 1818 327 1862 nostros
339 1798 453 1893 longius
459 1802 678 1865 submonebant.
690 1803 753 1865 Ac-

90 1882 201 1945 cidebat
213 1898 309 1943 autem
324 1878 494 1957 quotidianis
505 1879 753 1959 pabulationibus,

90 1964 107 2036 (
116 1960 145 2022 id
154 1960 230 2040 quod
242 1959 370 2021 accidere
380 1976 440 2020 erat
449 1979 584 2028 necesse,
608 1979 676 2021 cum
685 1961 759 2023 ratis

90 2038 212 2119 disjectis
231 2059 268 2101 tte
283 2059 320 2101 ex
345 2037 465 2099 aedificiis
479 2037 617 2116 pabulum
634 2039 756 2117 conqui·
826 2054 828 2057 “

88 2139 195 2182 teretur
206 2061 236 2190 ‚i
249 2116 428 2196 utimpeditis
444 2117 516 2178 locis
533 2116 647 2196 dispersi
662 2120 756 2197 pabu-

90 2200 194 2260 latores
204 2198 489 2259 circumvenirentur:
500 2218 562 2275 qurt
573 2214 618 2258 res
626 2199 678 2259 etsi
690 2217 764 2259 me-·.

90 2278 185 2340 diocte
203 2276 403 2337 detrimentum
420 2276 615 2355 jumentorum
638 2298 672 2339 ae
695 2299 760 2339 ser-.
841 2276 844 2280 ’

90 2378 194 2421 rorum
204 2354 305 2417 nostris
316 2354 472 2423 afferebat,
480 2373 577 2415 tamen
589 2356 684 2417 stultas
696 2378 752 2417 co·-

91 2436 242 2521 gitationes
254 2434 391 2495 incitabat
401 2434 586 2495 barbarorum
598 2455 607 2503 ς
619 2452 701 2513 atque
714 2455 760 2496 eo-

90 2517 180 2609 magis
190 2555 200 2585 ,
211 2514 287 2591 quod
298 2512 419 2575 Contius
429 2552 439 2581 ,
449 2532 536 2589 quem
546 2513 704 2589 proiectum
716 2517 751 2578 au

88 2595 193 2668 auxilia
202 2591 594 2655 Germanorumaccersenda
606 2592 749 2666 dixeram,

87 2696 153 2737 cunr
167 2673 312 2751 equitibus
327 2687 461 2733 venerat:
481 2672 548 2749 qui,
564 2672 674 2733 tametsi
692 2694 750 2733 nu·

87 2774 168 2825 nero
185 2772 247 2817 non
269 2752 391 2832 amplius
415 2767 496 2830 eram
516 2750 685 2837 quingenti,
699 2770 764 2835 ,ra-³
