2000 3542
120 338 697 413 urBrrroGrrrrcoLrn.I{II.
719 366 771 417 s4r

96 498 159 542 tum
169 523 182 550 ,
197 477 323 540 divisum
329 476 458 560 populum
472 476 504 537 irr
513 496 580 539 suas
590 479 719 583 cujusque
731 504 777 543 eo-

98 581 163 620 rum
173 556 340 619 clientelas:
358 556 429 636 qnod
443 557 470 617 si
481 555 586 617 dirius
598 574 690 618 matur
703 582 773 621 corz-

99 636 266 706 troversia,
284 634 372 712 fore,
400 635 442 697 uti
465 655 535 715 pars
562 655 624 697 cum
645 638 772 701 civitatis

94 736 178 797 porte
195 713 355 797 confligat.-
369 714 400 775 id
413 735 449 773 ne
463 712 576 773 occidar
586 753 598 784 ,
608 715 730 795 positum
740 718 773 779 in

98 796 161 874 ejrrt
173 793 325 873 diligentia
337 812 418 869 utque
436 792 616 856 auctoritare.

139 873 328 935 XXXIII.
350 873 464 941 Cesar,
481 871 535 931 etsi
552 894 570 931 a
587 872 667 933 bello
684 892 769 953 atque

98 948 183 1014 hoste
193 952 337 1013 discedere
350 951 591 1013 detrimentosum
599 971 660 1015 esse
671 955 768 1016 existi·

97 1035 217 1093 mabar:
236 1049 337 1091 tamen
354 1050 416 1090 norr
428 1029 586 1111 ignorans,
610 1052 715 1110 quanta
730 1054 769 1097 ex

96 1110 320 1172 dissensionibus
336 1106 524 1169 incommoda
547 1112 614 1171 oriri
627 1131 772 1175 consues-

84 1209 182 1262 ·sent;
203 1209 242 1250 ne
260 1206 340 1250 tanta
359 1205 391 1247 et
405 1206 466 1247 tam
481 1188 636 1265 conjuncta
655 1194 765 1268 populo

96 1266 137 1331 R.
151 1270 277 1337 civitas,
302 1288 391 1344 quarn
414 1267 475 1344 ipse
494 1286 608 1345 semper
625 1268 765 1341 aluisset,

96 1348 288 1425 omnitusque
303 1348 385 1407 rebus
395 1364 540 1413 ornasset,
556 1345 591 1405 ad
605 1348 665 1408 vim
678 1367 763 1425 atque

95 1426 133 1487 ad
164 1446 246 1486 arm
271 1424 454 1485 descenderet
473 1447 484 1497 ς
511 1443 595 1500 atque
617 1446 650 1486 ea
668 1447 762 1505 pars,

93 1526 159 1583 quae
173 1505 268 1565 minus
277 1504 329 1563 sni
338 1503 512 1571 confideret,
528 1504 635 1567 auxilia
649 1526 666 1565 a
682 1505 761 1567 Ver-

93 1584 273 1664 cingetorige
295 1601 470 1653 accerseret,
490 1581 557 1643 huic
575 1584 617 1643 rei
636 1603 760 1660 praever·

94 1663 216 1723 tendum
233 1660 439 1723 existimavit:
466 1680 496 1723 et
519 1662 616 1739 quod,
648 1664 759 1744 legibus

93 1740 279 1810 AEduo'rum,
304 1740 359 1809 iis,
382 1742 432 1818 qui
447 1763 592 1803 summum
610 1744 760 1824 magistra-

94 1838 160 1882 tum
177 1820 359 1888 obtinerent,
378 1820 517 1880 excedere
532 1838 568 1879 ex
585 1820 686 1881 finibus
697 1844 758 1883 nort

93 1900 215 1968 liceret,
225 1898 339 1975 nequid
349 1898 384 1957 de
402 1898 462 1973 jure
476 1917 526 1959 aut
535 1899 644 2037 leffibus
655 1920 758 1962 eorum

92 1978 258 2039 diminuisse
266 1976 432 2046 videretur,
450 1977 551 2055 ipsein
599 1978 669 2039 duos
686 2000 757 2057 pro·

92 2056 184 2119 ficisci
207 2056 302 2115 statuit
318 2078 329 2128 ;
348 2074 533 2133 senatumque
555 2077 702 2127 omnem,
727 2076 756 2119 et

92 2158 167 2215 quos
184 2135 259 2194 inter
272 2137 466 2196 controversia
482 2153 576 2205 esset,
600 2136 754 2199 Decetiam

92 2216 131 2277 ad
148 2234 177 2275 se
190 2214 333 2275 evocavit.
345 2212 423 2275 Curn
441 2234 531 2292 prope
548 2215 641 2275 omnis
655 2216 753 2279 civitas

92 2316 131 2357 eo
161 2292 369 2361 convenisset,
394 2293 626 2371 docereturque,
656 2297 752 2370 paucis

91 2376 171 2436 clam
186 2371 320 2442 uocatis,
337 2371 396 2431 alio
410 2372 504 2442 loco,
519 2372 578 2433 alio
594 2392 751 2449 tempore,

91 2470 178 2530 atque
198 2449 375 2529 oportuerit,
392 2450 509 2511 fratrem
522 2450 632 2513 afratre
644 2472 753 2515 renun-

92 2533 220 2602 ciatum
238 2551 305 2590 curn
317 2530 412 2609 leges,
423 2529 494 2590 duos
507 2549 544 2595 ex
558 2552 615 2593 una
622 2532 749 2602 familia,

90 2611 161 2673 vivo
181 2628 303 2686 utroque
323 2647 333 2678 ,
353 2628 420 2669 ‚non
448 2609 544 2669 solunt
572 2610 750 2693 magistratus

91 2688 182 2752 creari
198 2703 347 2756 vetarent,
366 2687 509 2749 sedetiam
525 2688 556 2747 in
568 2708 666 2749 senatu
687 2710 759 2751 esse·

89 2766 292 2847 prohiberent:
315 2764 425 2829 Cotum
442 2766 638 2849 magistratum
659 2768 749 2848 depo-

128 2844 230 2909 Tomus
244 2840 270 2907 Ῑ.
416 2871 420 2880 “
638 2846 669 2908 Χ
