2000 3542
177 392 180 397 Ι
222 333 277 394 176
297 321 797 392 ancesmrsconnme,

218 451 277 516 fere
292 453 376 516 fuerit
391 453 490 516 civicos
502 475 563 516 non
578 470 705 532 suspecta
717 455 814 518 nobis.
831 457 887 519 1d-.

122 597 125 602 ,
220 553 277 609 que
289 531 449 604 adeo,haud
461 533 731 604 scimmimndumne
746 536 799 604 sit,
811 556 881 596 cum

172 667 173 671 ,
218 612 487 693 compluribuffluliis
498 613 533 675 de
543 614 723 688 censimum
733 615 881 685 maxime,

218 691 317 767 quod,
336 691 385 770 qui
399 692 504 757 virtute
517 692 587 753 belli
601 691 734 754 omnibus
748 694 881 774 gentibus

217 771 454 847 praeferebantur,
477 788 588 840 tantum
608 791 637 830 se
650 770 713 847 ‚eius
733 772 880 848 opinionis

220 849 425 926 deperdidisse,
443 868 476 912 ut
495 851 596 928 populi
613 849 652 910 R.
671 849 791 930 imperia
811 872 884 930 per-.

220 927 344 998 ferrent,
362 929 527 1008 gravissime
541 929 688 991 dolebant.
879 952 888 968 ·

234 1050 238 1058 -
260 1005 332 1070 LV.
352 1007 467 1071 Treviri
493 1028 570 1070 vero·
582 1024 666 1086 atque
697 1006 882 1070 Inducioma·

221 1107 269 1148 rus
296 1086 382 1149 totius
400 1086 503 1148 hiemis
526 1087 638 1148 nullum
657 1104 769 1164 ternpus
788 1088 881 1148 inrer-

221 1167 388 1236 miserunt,
421 1166 489 1244 quin
514 1183 590 1230 trans
612 1163 746 1226 Rhenum
770 1166 882 1247 legatos

221 1245 368 1308 mitterent
386 1267 396 1316 3
415 1246 543 1309 civitates
559 1244 743 1306 sollicitarent
763 1268 774 1318 3
791 1265 880 1323 pecu-

221 1325 283 1394 nias
299 1325 503 1404 pollieerentur
518 1345 531 1396 ς
548 1345 654 1404 magna
671 1335 749 1402 parte
768 1325 879 1385 exerci-

170 1457 172 1460 .
222 1421 266 1464 tus
280 1403 369 1472 nostri
385 1403 655 1474 interfecta‚.mrlro
672 1403 816 1464 minorem
833 1425 879 1464 sus

221 1503 332 1560 peterse
355 1483 480 1546 dicerent
506 1499 626 1560 partem.
653 1482 759 1559 Neque
783 1501 885 1544 tamen

222 1562 275 1624 ulli
293 1562 404 1624 civitati·
417 1560 632 1622 Germanomm
647 1560 808 1637 persuaderi
821 1583 880 1640 po·

220 1641 348 1710 tuir,÷ut
365 1639 499 1701 Rhenum
519 1640 648 1702 transiret
666 1662 676 1714 ;
697 1659 758 1699 cum
781 1661 813 1700 se
835 1639 883 1703 bis

222 1733 348 1800 expertos
376 1718 500 1780 dicerent
521 1758 539 1789 ,,
561 1715 701 1779 Ariovisti
724 1715 794 1778 bello
814 1761 839 1788 ,.
853 1736 883 1780 et

222 1795 437 1861 Tenctherorum
452 1797 597 1868 transitu,·
614 1817 742 1858 noneste
763 1796 883 1878 amplius

214 1873 359 1952 fortunam
370 1875 540 1940 tentandam.
550 1877 616 1938 Hac
625 1897 671 1953 spe
685 1878 779 1953 lapsus
794 1877 883 1939 ludu.-

223 1955 609 2026 domatus,nihi10·minus
631 1956 728 2032 copias
752 1974 881 2037 cogere,

221 2035 335 2118 exigere
353 2058 370 2096 a
386 2035 540 2104 finitimis,
557 2054 650 2110 equos
667 2054 787 2110 parare,
807 2056 880 2098 exu-

220 2115 263 2192 les
277 2114 483 2190 damnatosque
497 2130 560 2172 tota
575 2111 680 2202 Ggallia,
686 2111 795 2192 magnis
810 2135 882 2191 prae.

220 2193 285 2254 ruiis
297 2192 336 2253 ‘ad
353 2213 382 2252 se
399 2193 515 2252 allicere
534 2206 640 2267 coepst:
658 2208 811 2250 acrantam
827 2194 880 2256 sibi

220 2271 280 2349 jam
295 2271 329 2332 iis
339 2273 420 2332 rebus
429 2271 458 2330 in
474 2268 573 2330 Gallia
584 2269 782 2330 auctoritatem
798 2293 879 2333 com·

187 2376 188 2387 ¹
220 2367 386 2428 paraveras,
396 2368 433 2414 ,ur
448 2348 571 2426 undique
587 2348 704 2410 adeum
719 2349 880 2428 legationes

220 2446 422 2506 concurrerent
439 2451 449 2501 3
471 2428 594 2508 gratiam
617 2446 701 2504 atque
722 2429 880 2494 amicitiam

221 2508 334 2586 publice
354 2507 541 2584 privatimque
557 2523 697 2584 peterent.

234 2641 237 2659 ,
259 2585 350 2648 LVI.
365 2586 426 2646 Ubi
435 2585 577 2646 intellexit
587 2588 663 2648 ultro
676 2584 712 2644 ad
723 2605 752 2644 se
764 2585 880 2657 veniri,

220 2665 310 2740 altera
318 2683 440 2746 exparte
450 2665 578 2732 Senones
587 2665 780 2746 Carnutesque
792 2686 878 2732 coust
