2000 3542
112 326 770 418 unBucquntircoLru.Vlll.325·

94 486 165 533 cum
179 464 233 525 sibi
251 465 382 525 conscius
400 479 493 532 esset,
509 485 595 541 quam
610 466 758 529 inimicum

93 545 211 605 deberet
227 543 370 605 cesarem
388 541 514 603 habete:
539 545 553 613 )
573 543 649 607 hunc
668 547 758 627 Epas·
830 577 835 587 ·

92 641 194 685 nactus
224 624 370 685 Arvernus
389 660 402 690 ‚‚
440 622 627 684 amicissimus
657 625 759 703 populi

93 702 185 769 Rom.
208 703 268 762 sine
291 700 464 763 dubitatione
486 702 546 766 ulla
570 703 699 767 vinctum
724 704 759 767 ad

94 781 237 849 Cursarem
248 779 337 843 duxit.

135 858 201 919 XL
214 859 255 923 V.
277 858 418 919 Labienus
440 858 556 919 interim
579 859 609 920 in
632 860 758 922 Treviris

96 957 227 1019 equestre
248 939 382 1015 proelium
397 937 553 999 secundum
567 939 635 1003 facit
652 962 663 1013 3
679 960 761 1001 corn,

88 1019 280 1098 ,pluribusque
299 1018 428 1079 Treviris
445 1016 618 1087 interfectis,
635 1036 664 1079 et
683 1018 762 1081 Get»-

98 1098 192 1159 munis
209 1136 220 1167 ‚
247 1098 296 1174 qui
313 1099 386 1158 nulli
403 1097 533 1158 adversus
549 1098 697 1158 Romanos
713 1122 762 1161 au-

99 1178 172 1237 xilia
188 1176 383 1257 denegabant,
405 1176 545 1253 principes
560 1196 662 1237 eorum
681 1178 762 1239 vivos

99 1256 132 1317 in
148 1277 229 1317 suani
242 1256 351 1337 redegit
365 1273 535 1332 potestatem
552 1275 561 1325 ;
581 1273 664 1331 atque
682 1256 712 1313 in
728 1256 762 1319 iis

100 1334 206 1397 Surum
220 1332 366 1402 AEduurn‚
381 1334 431 1411 qui
444 1351 472 1393 et
485 1332 594 1409 virtutis
613 1350 641 1393 et
653 1334 764 1413 generis

101 1434 246 1479 summam
263 1414 444 1474 nobilitatem
464 1411 607 1479 habebat,
633 1414 764 1489 solusque

102 1514 142 1555 ex
158 1490 256 1585 ilicinis
282 1488 372 1554 ad'id
395 1511 506 1572 ternpus
524 1509 715 1572 permanserat
735 1493 766 1553 in

102 1594 202 1635 armis.

116 1692 119 1698 ‚
142 1648 276 1712 XLVI.
287 1650 329 1709 Ea
339 1670 370 1709 re
385 1647 642 1729 cognita,Caesat‚
653 1670 722 1713 oum
733 1650 764 1712 in

106 1730 239 1791 omnibus
255 1730 378 1807 partibus
397 1727 501 1788 Gnlliae
520 1730 594 1789 bene
616 1748 660 1789 tes
675 1750 767 1811 gestas

107 1810 235 1881 viderem
258 1808 448 1887 iudicaretque
468 1807 654 1882 superioribus
668 1810 767 1875 aestivis

107 1887 239 1957 Galliam
250 1887 390 1954 devictam
402 1903 431 1945 et
437 1887 582 1949 subactam
590 1904 667 1959 esse3
678 1887 768 1962 Aqui-

108 1967 216 2027 taniam
230 1968 376 2043 nunquam
386 1965 445 2041 ipse
458 1962 558 2043 adisset
579 2004 590 2032 ,
606 1964 654 2023 sed
667 1984 719 2041 per
729 1965 776 2037 12,-

108 2046 242 2107 Crassum
251 2044 371 2124 quadam
380 2061 502 2121 exparte
517 2042 679 2112 devicisset,
701 2066 769 2109 cum

110 2145 146 2185 11
167 2125 328 2206 legionibus
347 2122 453 2182 ineam
467 2138 577 2199 partem
594 2139 636 2181 est
658 2123 769 2200 profec÷

110 2223 154 2265 tus
174 2245 185 2273 ,
208 2205 256 2265 ubi
276 2220 438 2264 extremum
461 2221 572 2281 tenipus
591 2220 799 2265 consumeret*-

111 2284 284 2346 aestivorum.
296 2278 395 2359 Quam
411 2300 493 2348 rem,
509 2282 580 2356 oicut
592 2298 707 2350 cetera,
724 2303 771 2341 cea

111 2363 210 2423 leniter
224 2359 396 2434 feliciterque
410 2360 549 2423 confecit:
567 2378 690 2436 namque
703 2380 770 2419 om·

113 2462 165 2503 nes
185 2437 346 2517 Aquitaniae
363 2434 492 2497 civitates
511 2438 621 2576 leffaios
646 2437 679 2498 ad
702 2456 770 2506 eum

18 2584 21 2590 ,
99 2522 251 2581 ¹irriserunt
258 2515 448 2599 ‚·0bsidesque
458 2517 485 2575 ei
500 2515 540 2575 de'
554 2534 645 2578 erunt.
661 2516 771 2597 Quibus

117 2599 223 2681 gestis,
251 2598 309 2675 ipsc
326 2616 393 2654 curn
408 2596 536 2671 equitum
547 2595 674 2673 presidio
695 2595 773 2655 Nar*

117 2682 224 2741 bonem
261 2674 382 2737 refectus
394 2692 449 2733 est:
462 2676 619 2735 exercitum
629 2695 678 2752 per
691 2674 774 2753 lega·-

119 2777 164 2828 ωε
184 2758 215 2825 iu
236 2699 354 2827 iiberna
373 2751 503 2819 deduxit:
529 2773 572 2815 ιν
593 2754 721 2841 legiones
742 2752 773 2819 in
