2000 3542
149 338 681 405 onsstttoG·ttticoLts.1.
722 362 759 417 27

90 501 127 547 ne
150 505 213 558 ea,
240 504 301 577 pua
325 485 496 556 dixissent,
518 485 757 559 enuntiarentur,

89 583 194 646 quam,
212 583 325 636 utica,
342 585 403 645 qua
419 565 541 637 uellent,
557 567 737 648 impetrarent
746 587 762 640 ,·

84 661 235 726 propterea
248 645 318 724 quod
325 687 336 714 ,
353 646 379 704 si
391 646 566 707 enuntiatum
578 665 668 715 esset,
683 667 761 708 sum-

88 743 164 783 mum
185 723 218 784 in
238 723 391 784 ¹cruciatum
412 745 445 786 se
466 742 596 786 venturos
617 725 756 788 riderent.

88 801 219 864 Locutus
240 821 283 864 est
305 823 358 882 pro
381 803 424 864 his
445 803 607 867 Diviciacus
623 804 754 866 Maus:

79 879 199 944 'Gallia
215 879 301 942 totius
310 880 455 958 factiones
472 904 535 945 esse
552 883 622 949 duas
635 904 649 955 ;
662 883 760 944 barum

87 959 207 1022 alterius
220 961 409 1042 principamm
426 979 523 1024 tenere
533 961 663 1033 AEduos,
681 961 758 1024 alte·

88 1038 149 1101 rias
157 1039 360 1102 Aruecaosbli
376 1059 438 1102 cum
452 1057 596 1123 tantopere
610 1041 644 1102 de
657 1060 758 1123 poten·

87 1135 153 1179 tatu
170 1118 244 1180 inter
259 1140 291 1180 se
313 1118 414 1181 multos
430 1141 519 1182 annos
537 1119 755 1190 contenderent,

80 1195 194 1277 sactum
213 1218 296 1268 esse,
316 1199 356 1260 uti
373 1199 408 1260 ab
424 1199 580 1269 Arvernis,
598 1196 755 1278 Sequanis·

86 1293 140 1358 que
158 1274 295 1339 Germani
315 1278 438 1339 mercede
454 1295 671 1339 accerserentur.
689 1276 761 1338 Ha*

87 1375 150 1418 cum
172 1355 264 1447 primo
289 1357 401 1419 circiter
434 1356 527 1417 miliia
552 1375 602 1419 κν
626 1353 755 1418 Rbenutn
807 1368 809 1373 '

86 1452 250 1497 transisse:
281 1454 438 1516 osteapuam
460 1455 567 1517 agros,
587 1452 615 1497 et
632 1433 754 1508 cultum,

86 1533 117 1576 et
131 1514 227 1654 {ppias
272 1513 385 1576 allorum
398 1514 523 1576 homines
529 1512 591 1592 feci
602 1535 636 1574 at
653 1513 755 1578 barba·

86 1593 114 1655 ri
171 1613 312 1655 amassent
320 1635 331 1666 ,
350 1593 530 1656 transductae
544 1593 636 1674 pbtres
652 1619 663 1662 ,·
680 1614 755 1656 nunc

87 1691 154 1735 esse
167 1672 198 1732 in
217 1670 317 1734 Gallia
331 1671 368 1734 etl
385 1691 403 1734 c
418 1689 447 1734 et
458 1693 511 1735 xx
526 1671 643 1734 millium
659 1693 756 1735 nume-

88 1772 151 1814 rum
168 1777 178 1812 .-
195 1771 256 1812 cum
271 1750 317 1814 bis
330 1751 459 1823 AEduos,
479 1772 620 1832 eorumque
635 1751 754 1816 clientes

88 1829 176 1892 semel
200 1848 281 1912 atque
307 1831 409 1893 iterum
434 1832 520 1894 armis
541 1831 752 1894 contendisse:

88 1929 219 1992 magnam
247 1908 435 1972 calamitatem
458 1908 555 1994 pulsos
579 1910 721 1990 accepisse
739 1951 753 1980 ,

90 2009 197 2052 omnem
210 1989 403 2060 nobilitatem,
419 2009 526 2051 omnem
533 1985 684 2060 Senatum,
697 2009 755 2050 om·

89 2089 154 2130 nem
178 2068 328 2148 equitatum
352 2069 495 2134 amisisse.
514 2064 626 2148 Quibus
644 2066 755 2150 preliis

91 2146 298 2210 calamitatibus
314 2168 348 2208 ue
358 2145 490 2224 fractos,
511 2147 557 2228 qui
577 2165 605 2208 et
621 2167 673 2207 sua
689 2147 752 2209 air-

90 2240 170 2296 tate,
189 2243 217 2288 et
231 2169 324 2308 popuii
339 2223 377 2288 R.
396 2226 515 2366 hspitio
532 2243 613 2306 atque
627 2225 755 2288 amicitia

89 2305 236 2390 plurimum
251 2323 316 2368 ante
331 2304 361 2366 in
375 2303 435 2368 Gal
446 2307 475 2366 ia
485 2304 663 2387 potuissent,
675 2325 756 2366 coac-

91 2403 137 2446 tos
155 2404 218 2446 esse
236 2381 373 2464 Sequanis
391 2384 503 2446 obsidet
521 2381 587 2445 dare
606 2382 755 2444 nobilissi-
824 2458 826 2461 Ι

91 2483 151 2524 mos
165 2462 307 2532 ciuitatis,
321 2480 348 2524 et
358 2461 538 2544 jurejurando
549 2461 693 2524 civitatem
705 2463 757 2526 ab*

91 2542 248 2622 stringere,
266 2563 328 2602 sese
342 2561 428 2622 neque
445 2541 556 2605 obsides
569 2543 753 2622 repetituros,

41 2681 44 2687 ,
91 2641 179 2702 neque
194 2619 330 2683 auxilium
347 2641 365 2680 a
378 2620 476 2702 populo
490 2619 529 2683 fl.
545 2620 753 2702 imploraturos,

91 2720 179 2780 neque
191 2715 382 2769 recusaturos,
397 2721 446 2791 qua
460 2700 552 2790 imaus
563 2719 690 2782 perpetuo
703 2702 755 2764 sub

90 2777 201 2846 iliorum
212 2778 323 2846 ditione-
331 2795 412 2862 atque
419 2797 534 2864 imperto
542 2797 637 2920 esscent
649 2807 660 2841 .·
671 2801 757 2843 mum

123 2895 127 2907 ..
613 2879 634 2938 tp
