<?xml version="1.0" encoding="UTF-8"?>
<!DOCTYPE html PUBLIC "-//W3C//DTD XHTML 1.0 Transitional//EN"
    "http://www.w3.org/TR/xhtml1/DTD/xhtml1-transitional.dtd">
<html xmlns="http://www.w3.org/1999/xhtml" xml:lang="en" lang="en">
 <head>
  <title>
</title>
<meta http-equiv="Content-Type" content="text/html;charset=utf-8" />
  <meta name='ocr-system' content='tesseract 3.04.00' />
  <meta name='ocr-capabilities' content='ocr_page ocr_carea ocr_par ocr_line ocrx_word'/>
</head>
<body>
  <div class='ocr_page' id='page_1' title='image "./cjuliicaesarisq01hirtgoog_0284.png"; bbox 0 0 2000 3542; ppageno 0'>
   <div class='ocr_carea' id='block_1_1' title="bbox 113 377 745 458">
    <p class='ocr_par' dir='ltr' id='par_1_1' title="bbox 113 377 745 458">
     <span class='ocr_line' id='line_1_1' title="bbox 113 377 745 458; baseline 0.008 -20"><span class='ocrx_word' id='word_1_1' title='bbox 113 377 669 447; x_wconf 76' lang='lat' dir='ltr'><strong>oeBmoGurureoLu.V11.</strong></span> <span class='ocrx_word' id='word_1_2' title='bbox 691 402 745 458; x_wconf 84' lang='lat'><strong>25¹</strong></span> 
     </span>
    </p>
   </div>
   <div class='ocr_carea' id='block_1_2' title="bbox 74 503 758 2796">
    <p class='ocr_par' dir='ltr' id='par_1_2' title="bbox 74 503 749 2009">
     <span class='ocr_line' id='line_1_2' title="bbox 76 503 749 589; baseline 0.01 -27"><span class='ocrx_word' id='word_1_3' title='bbox 76 520 125 563; x_wconf 84' lang='lat' dir='ltr'><strong>est</strong></span> <span class='ocrx_word' id='word_1_4' title='bbox 138 503 258 565; x_wconf 78' lang='lat' dir='ltr'>facultas</span> <span class='ocrx_word' id='word_1_5' title='bbox 276 507 350 567; x_wconf 84' lang='lat' dir='ltr'><strong>berre</strong></span> <span class='ocrx_word' id='word_1_6' title='bbox 367 507 409 568; x_wconf 87' lang='lat' dir='ltr'><strong>rei</strong></span> <span class='ocrx_word' id='word_1_7' title='bbox 423 507 569 589; x_wconf 63' lang='lat' dir='ltr'><strong>gerendu</strong></span> <span class='ocrx_word' id='word_1_8' title='bbox 595 530 663 571; x_wconf 86' lang='lat' dir='ltr'><strong>nam</strong></span> <span class='ocrx_word' id='word_1_9' title='bbox 680 526 749 570; x_wconf 83' lang='lat' dir='ltr'><strong>cum</strong></span> 
     </span>
     <span class='ocr_line' id='line_1_3' title="bbox 76 581 749 667; baseline 0.012 -26"><span class='ocrx_word' id='word_1_10' title='bbox 76 581 198 644; x_wconf 84' lang='lat' dir='ltr'><strong>minora</strong></span> <span class='ocrx_word' id='word_1_11' title='bbox 212 584 242 642; x_wconf 86' lang='lat' dir='ltr'><strong>in</strong></span> <span class='ocrx_word' id='word_1_12' title='bbox 260 602 368 656; x_wconf 83' lang='lat' dir='ltr'><strong>castra,</strong></span> <span class='ocrx_word' id='word_1_13' title='bbox 382 588 476 665; x_wconf 86' lang='lat' dir='ltr'><strong>operis</strong></span> <span class='ocrx_word' id='word_1_14' title='bbox 485 588 671 667; x_wconf 83' lang='lat' dir='ltr'><strong>perspiciendi</strong></span> <span class='ocrx_word' id='word_1_15' title='bbox 681 598 749 649; x_wconf 80' lang='lat' dir='ltr'><strong>eau-</strong></span> 
     </span>
     <span class='ocr_line' id='line_1_4' title="bbox 77 663 746 743; baseline 0.01 -23"><span class='ocrx_word' id='word_1_16' title='bbox 77 682 133 734; x_wconf 81' lang='lat' dir='ltr'><strong>sa,</strong></span> <span class='ocrx_word' id='word_1_17' title='bbox 145 663 285 736; x_wconf 56' lang='lat' dir='ltr'><strong>venissen</strong></span> <span class='ocrx_word' id='word_1_18' title='bbox 301 665 499 729; x_wconf 77' lang='lat' dir='ltr'><strong>animadvertit</strong></span> <span class='ocrx_word' id='word_1_19' title='bbox 508 668 616 729; x_wconf 88' lang='lat' dir='ltr'><strong>collem</strong></span> <span class='ocrx_word' id='word_1_20' title='bbox 626 706 636 736; x_wconf 81' lang='lat'>,</span> <span class='ocrx_word' id='word_1_21' title='bbox 647 667 696 743; x_wconf 88' lang='lat' dir='ltr'><strong>qui</strong></span> <span class='ocrx_word' id='word_1_22' title='bbox 710 669 746 727; x_wconf 83' lang='lat' dir='ltr'><strong>ab</strong></span> 
     </span>
     <span class='ocr_line' id='line_1_5' title="bbox 78 737 747 813; baseline 0.009 -16"><span class='ocrx_word' id='word_1_23' title='bbox 78 737 212 802; x_wconf 72' lang='lat' dir='ltr'>hostibus</span> <span class='ocrx_word' id='word_1_24' title='bbox 225 745 389 810; x_wconf 83' lang='lat' dir='ltr'><strong>tenebatur,</strong></span> <span class='ocrx_word' id='word_1_25' title='bbox 410 744 547 807; x_wconf 86' lang='lat' dir='ltr'><strong>nudatum</strong></span> <span class='ocrx_word' id='word_1_26' title='bbox 559 744 722 805; x_wconf 82' lang='lat' dir='ltr'><strong>horninibus</strong></span> <span class='ocrx_word' id='word_1_27' title='bbox 733 784 747 813; x_wconf 86' lang='lat'><em>‚</em></span> 
     </span>
     <span class='ocr_line' id='line_1_6' title="bbox 76 819 747 903; baseline 0.001 -23"><span class='ocrx_word' id='word_1_28' title='bbox 76 819 132 895; x_wconf 85' lang='lat' dir='ltr'><strong>qui</strong></span> <span class='ocrx_word' id='word_1_29' title='bbox 143 861 154 889; x_wconf 92' lang='lat'><em>,</em></span> <span class='ocrx_word' id='word_1_30' title='bbox 165 822 352 898; x_wconf 80' lang='lat' dir='ltr'><strong>superior-ibus</strong></span> <span class='ocrx_word' id='word_1_31' title='bbox 361 822 477 892; x_wconf 78' lang='lat' dir='ltr'><strong>diebus,</strong></span> <span class='ocrx_word' id='word_1_32' title='bbox 492 825 604 903; x_wconf 85' lang='lat' dir='ltr'><strong>vixprae</strong></span> <span class='ocrx_word' id='word_1_33' title='bbox 619 826 747 883; x_wconf 79' lang='lat' dir='ltr'><strong>multitu-</strong></span> 
     </span>
     <span class='ocr_line' id='line_1_7' title="bbox 79 897 747 981; baseline 0.007 -25"><span class='ocrx_word' id='word_1_34' title='bbox 79 897 151 957; x_wconf 85' lang='lat' dir='ltr'>dine</span> <span class='ocrx_word' id='word_1_35' title='bbox 164 899 242 958; x_wconf 87' lang='lat' dir='ltr'><strong>cerni</strong></span> <span class='ocrx_word' id='word_1_36' title='bbox 251 918 374 978; x_wconf 77' lang='lat' dir='ltr'><strong>poteret.</strong></span> <span class='ocrx_word' id='word_1_37' title='bbox 392 902 577 973; x_wconf 79' lang='lat' dir='ltr'><strong>Admiratus,</strong></span> <span class='ocrx_word' id='word_1_38' title='bbox 590 902 688 981; x_wconf 78' lang='lat' dir='ltr'><strong>quaerit</strong></span> <span class='ocrx_word' id='word_1_39' title='bbox 708 921 747 961; x_wconf 85' lang='lat' dir='ltr'><strong>ex</strong></span> 
     </span>
     <span class='ocr_line' id='line_1_8' title="bbox 74 975 746 1115; baseline 0.007 -79"><span class='ocrx_word' id='word_1_40' title='bbox 74 975 205 1115; x_wconf 59' lang='lat' dir='ltr'><strong>perfirugis</strong></span> <span class='ocrx_word' id='word_1_41' title='bbox 216 997 349 1041; x_wconf 80' lang='lat' dir='ltr'><strong>eausam:</strong></span> <span class='ocrx_word' id='word_1_42' title='bbox 364 1000 488 1059; x_wconf 85' lang='lat' dir='ltr'><strong>quorum</strong></span> <span class='ocrx_word' id='word_1_43' title='bbox 499 1000 620 1064; x_wconf 80' lang='lat' dir='ltr'><strong>magnus</strong></span> <span class='ocrx_word' id='word_1_44' title='bbox 633 980 667 1064; x_wconf 70' lang='lat' dir='ltr'><strong>ad</strong></span> <span class='ocrx_word' id='word_1_45' title='bbox 678 998 746 1042; x_wconf 84' lang='lat' dir='ltr'><strong>eum</strong></span> 
     </span>
     <span class='ocr_line' id='line_1_9' title="bbox 76 1055 749 1135; baseline 0.006 -19"><span class='ocrx_word' id='word_1_46' title='bbox 76 1076 140 1135; x_wconf 89' lang='lat' dir='ltr'><strong>quo</strong></span> <span class='ocrx_word' id='word_1_47' title='bbox 155 1055 162 1067; x_wconf 85' lang='lat'>&#39;</span> <span class='ocrx_word' id='word_1_48' title='bbox 185 1056 209 1117; x_wconf 87' lang='lat' dir='ltr'><strong>&#39;e</strong></span> <span class='ocrx_word' id='word_1_49' title='bbox 232 1076 366 1121; x_wconf 82' lang='lat' dir='ltr'><strong>numerus</strong></span> <span class='ocrx_word' id='word_1_50' title='bbox 388 1059 560 1123; x_wconf 81' lang='lat' dir='ltr'><strong>confluebat.</strong></span> <span class='ocrx_word' id='word_1_51' title='bbox 589 1058 749 1121; x_wconf 78' lang='lat' dir='ltr'><strong>Constabat</strong></span> 
     </span>
     <span class='ocr_line' id='line_1_10' title="bbox 77 1135 747 1218; baseline 0.004 -24"><span class='ocrx_word' id='word_1_52' title='bbox 77 1135 156 1195; x_wconf 83' lang='lat' dir='ltr'><strong>inter</strong></span> <span class='ocrx_word' id='word_1_53' title='bbox 171 1155 297 1209; x_wconf 87' lang='lat' dir='ltr'><strong>ornnes,</strong></span> <span class='ocrx_word' id='word_1_54' title='bbox 320 1139 397 1216; x_wconf 86' lang='lat' dir='ltr'><strong>quod</strong></span> <span class='ocrx_word' id='word_1_55' title='bbox 416 1140 475 1217; x_wconf 78' lang='lat' dir='ltr'><strong>jam</strong></span> <span class='ocrx_word' id='word_1_56' title='bbox 496 1140 557 1218; x_wconf 86' lang='lat' dir='ltr'><strong>ipse</strong></span> <span class='ocrx_word' id='word_1_57' title='bbox 575 1140 670 1201; x_wconf 73' lang='lat' dir='ltr'><strong>Cesar</strong></span> <span class='ocrx_word' id='word_1_58' title='bbox 694 1154 747 1216; x_wconf 84' lang='lat' dir='ltr'><strong>per</strong></span> 
     </span>
     <span class='ocr_line' id='line_1_11' title="bbox 77 1214 745 1299; baseline 0.004 -27"><span class='ocrx_word' id='word_1_59' title='bbox 77 1214 277 1291; x_wconf 77' lang='lat' dir='ltr'>exploratores</span> <span class='ocrx_word' id='word_1_60' title='bbox 304 1235 483 1299; x_wconf 73' lang='lat' dir='ltr'><strong>cognoverat</strong></span> <span class='ocrx_word' id='word_1_61' title='bbox 504 1258 515 1287; x_wconf 88' lang='lat'><strong>‚</strong></span> <span class='ocrx_word' id='word_1_62' title='bbox 538 1219 654 1278; x_wconf 86' lang='lat' dir='ltr'><strong>dorsum</strong></span> <span class='ocrx_word' id='word_1_63' title='bbox 686 1230 745 1276; x_wconf 82' lang='lat' dir='ltr'><strong>esse</strong></span> 
     </span>
     <span class='ocr_line' id='line_1_12' title="bbox 80 1292 747 1375; baseline 0.001 -21"><span class='ocrx_word' id='word_1_64' title='bbox 80 1292 145 1369; x_wconf 83' lang='lat' dir='ltr'><strong>ejus</strong></span> <span class='ocrx_word' id='word_1_65' title='bbox 160 1294 222 1375; x_wconf 83' lang='lat' dir='ltr'><strong>jugi</strong></span> <span class='ocrx_word' id='word_1_66' title='bbox 235 1314 325 1374; x_wconf 83' lang='lat' dir='ltr'>prope</span> <span class='ocrx_word' id='word_1_67' title='bbox 342 1317 471 1374; x_wconf 71' lang='lat' dir='ltr'><strong>equum,</strong></span> <span class='ocrx_word' id='word_1_68' title='bbox 485 1297 533 1356; x_wconf 85' lang='lat' dir='ltr'><strong>sed</strong></span> <span class='ocrx_word' id='word_1_69' title='bbox 549 1296 603 1357; x_wconf 80' lang='lat' dir='ltr'><strong>hac</strong></span> <span class='ocrx_word' id='word_1_70' title='bbox 620 1295 747 1357; x_wconf 79' lang='lat' dir='ltr'><strong>silvestre</strong></span> 
     </span>
     <span class='ocr_line' id='line_1_13' title="bbox 80 1375 747 1453; baseline 0.001 -21"><span class='ocrx_word' id='word_1_71' title='bbox 80 1389 294 1453; x_wconf 83' lang='lat' dir='ltr'><strong>etangusmm,</strong></span> <span class='ocrx_word' id='word_1_72' title='bbox 312 1395 368 1452; x_wconf 85' lang='lat' dir='ltr'><strong>qua</strong></span> <span class='ocrx_word' id='word_1_73' title='bbox 384 1393 456 1435; x_wconf 84' lang='lat' dir='ltr'><strong>esset</strong></span> <span class='ocrx_word' id='word_1_74' title='bbox 465 1375 555 1437; x_wconf 84' lang='lat' dir='ltr'><strong>aditus</strong></span> <span class='ocrx_word' id='word_1_75' title='bbox 573 1375 609 1436; x_wconf 82' lang='lat' dir='ltr'><strong>ud</strong></span> <span class='ocrx_word' id='word_1_76' title='bbox 626 1376 747 1435; x_wconf 86' lang='lat' dir='ltr'><strong>alteram</strong></span> 
     </span>
     <span class='ocr_line' id='line_1_14' title="bbox 81 1452 747 1531; baseline 0.002 -21"><span class='ocrx_word' id='word_1_77' title='bbox 81 1469 194 1530; x_wconf 81' lang='lat' dir='ltr'><strong>partem</strong></span> <span class='ocrx_word' id='word_1_78' title='bbox 209 1453 327 1531; x_wconf 84' lang='lat' dir='ltr'><strong>oppidi:</strong></span> <span class='ocrx_word' id='word_1_79' title='bbox 343 1452 530 1516; x_wconf 83' lang='lat' dir='ltr'><strong>vehementer</strong></span> <span class='ocrx_word' id='word_1_80' title='bbox 542 1454 617 1515; x_wconf 85' lang='lat' dir='ltr'><strong>huic&#39;</strong></span> <span class='ocrx_word' id='word_1_81' title='bbox 624 1454 691 1514; x_wconf 90' lang='lat' dir='ltr'><strong>illos</strong></span> <span class='ocrx_word' id='word_1_82' title='bbox 702 1453 747 1511; x_wconf 90' lang='lat' dir='ltr'><strong>lo·</strong></span> 
     </span>
     <span class='ocr_line' id='line_1_15' title="bbox 80 1530 745 1606; baseline 0 -15"><span class='ocrx_word' id='word_1_83' title='bbox 80 1552 119 1591; x_wconf 89' lang='lat' dir='ltr'><strong>co</strong></span> <span class='ocrx_word' id='word_1_84' title='bbox 136 1530 258 1603; x_wconf 74' lang='lat' dir='ltr'><strong>timere3</strong></span> <span class='ocrx_word' id='word_1_85' title='bbox 283 1553 337 1593; x_wconf 88' lang='lat' dir='ltr'><strong>nec</strong></span> <span class='ocrx_word' id='word_1_86' title='bbox 358 1533 417 1606; x_wconf 76' lang='lat' dir='ltr'><strong>iam</strong></span> <span class='ocrx_word' id='word_1_87' title='bbox 441 1534 524 1595; x_wconf 80' lang='lat' dir='ltr'><strong>aliter</strong></span> <span class='ocrx_word' id='word_1_88' title='bbox 544 1534 664 1603; x_wconf 85' lang='lat' dir='ltr'><strong>sentire,</strong></span> <span class='ocrx_word' id='word_1_89' title='bbox 683 1548 745 1593; x_wconf 86' lang='lat' dir='ltr'><strong>uno</strong></span> 
     </span>
     <span class='ocr_line' id='line_1_16' title="bbox 80 1609 744 1693; baseline 0.003 -24"><span class='ocrx_word' id='word_1_90' title='bbox 80 1609 160 1670; x_wconf 84' lang='lat' dir='ltr'><strong>colle</strong></span> <span class='ocrx_word' id='word_1_91' title='bbox 175 1614 212 1671; x_wconf 81' lang='lat' dir='ltr'><strong>ab</strong></span> <span class='ocrx_word' id='word_1_92' title='bbox 233 1612 372 1673; x_wconf 83' lang='lat' dir='ltr'><strong>Romanis</strong></span> <span class='ocrx_word' id='word_1_93' title='bbox 384 1632 550 1693; x_wconf 84' lang='lat' dir='ltr'><strong>occupato,</strong></span> <span class='ocrx_word' id='word_1_94' title='bbox 581 1613 604 1676; x_wconf 85' lang='lat' dir='ltr'><strong>si</strong></span> <span class='ocrx_word' id='word_1_95' title='bbox 620 1612 744 1675; x_wconf 82' lang='lat' dir='ltr'><strong>alterum</strong></span> 
     </span>
     <span class='ocr_line' id='line_1_17' title="bbox 80 1689 745 1770; baseline 0.003 -21"><span class='ocrx_word' id='word_1_96' title='bbox 80 1689 254 1760; x_wconf 82' lang='lat' dir='ltr'><strong>amisissent,</strong></span> <span class='ocrx_word' id='word_1_97' title='bbox 279 1693 348 1769; x_wconf 88' lang='lat' dir='ltr'><strong>quin</strong></span> <span class='ocrx_word' id='word_1_98' title='bbox 366 1712 439 1770; x_wconf 85' lang='lat' dir='ltr'><strong>pene</strong></span> <span class='ocrx_word' id='word_1_99' title='bbox 456 1692 682 1764; x_wconf 78' lang='lat' dir='ltr'><strong>circumvallati,</strong></span> <span class='ocrx_word' id='word_1_100' title='bbox 699 1702 745 1751; x_wconf 69' lang='lat' dir='ltr'><strong>at·¹</strong></span> 
     </span>
     <span class='ocr_line' id='line_1_18' title="bbox 81 1768 745 1849; baseline 0.002 -21"><span class='ocrx_word' id='word_1_101' title='bbox 81 1788 138 1846; x_wconf 83' lang='lat' dir='ltr'><strong>que</strong></span> <span class='ocrx_word' id='word_1_102' title='bbox 155 1770 237 1829; x_wconf 87' lang='lat' dir='ltr'><strong>omni</strong></span> <span class='ocrx_word' id='word_1_103' title='bbox 257 1772 336 1831; x_wconf 83' lang='lat' dir='ltr'><strong>exitu</strong></span> <span class='ocrx_word' id='word_1_104' title='bbox 351 1788 381 1831; x_wconf 84' lang='lat' dir='ltr'><strong>et</strong></span> <span class='ocrx_word' id='word_1_105' title='bbox 397 1773 582 1849; x_wconf 79' lang='lat' dir='ltr'>pabulatione</span> <span class='ocrx_word' id='word_1_106' title='bbox 600 1768 745 1833; x_wconf 81' lang='lat' dir='ltr'><strong>interclusi</strong></span> 
     </span>
     <span class='ocr_line' id='line_1_19' title="bbox 79 1847 745 1912; baseline 0 -3"><span class='ocrx_word' id='word_1_107' title='bbox 79 1847 263 1909; x_wconf 82' lang='lat' dir='ltr'><strong>viderentur:</strong></span> <span class='ocrx_word' id='word_1_108' title='bbox 285 1849 320 1909; x_wconf 84' lang='lat' dir='ltr'><strong>ad</strong></span> <span class='ocrx_word' id='word_1_109' title='bbox 341 1848 418 1911; x_wconf 85' lang='lat' dir='ltr'><strong>huuc</strong></span> <span class='ocrx_word' id='word_1_110' title='bbox 440 1850 627 1912; x_wconf 83' lang='lat' dir='ltr'><strong>muniendum</strong></span> <span class='ocrx_word' id='word_1_111' title='bbox 644 1852 745 1911; x_wconf 85' lang='lat' dir='ltr'><strong>locum</strong></span> 
     </span>
     <span class='ocr_line' id='line_1_20' title="bbox 82 1927 620 2009; baseline 0.002 -20"><span class='ocrx_word' id='word_1_112' title='bbox 82 1944 183 1989; x_wconf 84' lang='lat' dir='ltr'><strong>omnes</strong></span> <span class='ocrx_word' id='word_1_113' title='bbox 193 1948 212 1987; x_wconf 83' lang='lat' dir='ltr'>a</span> <span class='ocrx_word' id='word_1_114' title='bbox 224 1927 461 2009; x_wconf 80' lang='lat' dir='ltr'><strong>Vercingetorige</strong></span> <span class='ocrx_word' id='word_1_115' title='bbox 472 1946 620 1992; x_wconf 82' lang='lat' dir='ltr'><strong>evocatos.</strong></span> 
     </span>
    </p>

    <p class='ocr_par' dir='ltr' id='par_1_3' title="bbox 82 2003 758 2796">
     <span class='ocr_line' id='line_1_21' title="bbox 121 2003 746 2089; baseline 0 -25"><span class='ocrx_word' id='word_1_116' title='bbox 121 2004 231 2068; x_wconf 89' lang='lat' dir='ltr'><strong>XLV.</strong></span> <span class='ocrx_word' id='word_1_117' title='bbox 250 2006 316 2068; x_wconf 85' lang='lat' dir='ltr'><strong>Hac</strong></span> <span class='ocrx_word' id='word_1_118' title='bbox 337 2008 521 2089; x_wconf 81' lang='lat' dir='ltr'><strong>recognita,</strong></span> <span class='ocrx_word' id='word_1_119' title='bbox 546 2006 641 2069; x_wconf 78' lang='lat' dir='ltr'><strong>Caesar</strong></span> <span class='ocrx_word' id='word_1_120' title='bbox 656 2003 746 2065; x_wconf 84' lang='lat' dir='ltr'><strong>mittit</strong></span> 
     </span>
     <span class='ocr_line' id='line_1_22' title="bbox 82 2084 758 2163; baseline -0.007 -17"><span class='ocrx_word' id='word_1_121' title='bbox 82 2087 245 2163; x_wconf 75' lang='lat' dir='ltr'><strong>complures</strong></span> <span class='ocrx_word' id='word_1_122' title='bbox 270 2086 398 2163; x_wconf 85' lang='lat' dir='ltr'><strong>equiturn</strong></span> <span class='ocrx_word' id='word_1_123' title='bbox 414 2104 521 2149; x_wconf 84' lang='lat' dir='ltr'><strong>turmas</strong></span> <span class='ocrx_word' id='word_1_124' title='bbox 537 2107 575 2147; x_wconf 89' lang='lat' dir='ltr'><strong>eo</strong></span> <span class='ocrx_word' id='word_1_125' title='bbox 595 2085 630 2146; x_wconf 88' lang='lat' dir='ltr'><strong>de</strong></span> <span class='ocrx_word' id='word_1_126' title='bbox 650 2084 758 2145; x_wconf 78' lang='lat' dir='ltr'><strong>media,</strong></span> 
     </span>
     <span class='ocr_line' id='line_1_23' title="bbox 83 2164 745 2245; baseline 0.005 -23"><span class='ocrx_word' id='word_1_127' title='bbox 83 2180 190 2225; x_wconf 83' lang='lat' dir='ltr'><strong>nocte:</strong></span> <span class='ocrx_word' id='word_1_128' title='bbox 204 2164 239 2224; x_wconf 87' lang='lat' dir='ltr'><strong>iis</strong></span> <span class='ocrx_word' id='word_1_129' title='bbox 249 2165 390 2243; x_wconf 82' lang='lat' dir='ltr'><strong>imperat,</strong></span> <span class='ocrx_word' id='word_1_130' title='bbox 405 2183 437 2229; x_wconf 79' lang='lat' dir='ltr'><strong>ur</strong></span> <span class='ocrx_word' id='word_1_131' title='bbox 447 2168 537 2245; x_wconf 82' lang='lat' dir='ltr'><strong>paulo</strong></span> <span class='ocrx_word' id='word_1_132' title='bbox 545 2164 745 2225; x_wconf 76' lang='lat' dir='ltr'><strong>tumultuosius</strong></span> 
     </span>
     <span class='ocr_line' id='line_1_24' title="bbox 85 2242 746 2327; baseline 0 -24"><span class='ocrx_word' id='word_1_133' title='bbox 85 2243 216 2304; x_wconf 84' lang='lat' dir='ltr'><strong>omnibus</strong></span> <span class='ocrx_word' id='word_1_134' title='bbox 241 2244 272 2304; x_wconf 83' lang='lat' dir='ltr'><strong>in</strong></span> <span class='ocrx_word' id='word_1_135' title='bbox 306 2244 380 2305; x_wconf 84' lang='lat' dir='ltr'><strong>locis</strong></span> <span class='ocrx_word' id='word_1_136' title='bbox 415 2260 616 2327; x_wconf 82' lang='lat' dir='ltr'><strong>pervagentur.</strong></span> <span class='ocrx_word' id='word_1_137' title='bbox 649 2242 746 2303; x_wconf 85' lang='lat' dir='ltr'><strong>Prima</strong></span> 
     </span>
     <span class='ocr_line' id='line_1_25' title="bbox 83 2322 746 2403; baseline -0.005 -20"><span class='ocrx_word' id='word_1_138' title='bbox 83 2322 148 2383; x_wconf 87' lang='lat' dir='ltr'><strong>luoe</strong></span> <span class='ocrx_word' id='word_1_139' title='bbox 163 2342 302 2403; x_wconf 75' lang='lat' dir='ltr'><strong>maguum</strong></span> <span class='ocrx_word' id='word_1_140' title='bbox 312 2342 464 2385; x_wconf 83' lang='lat' dir='ltr'><strong>numerrun</strong></span> <span class='ocrx_word' id='word_1_141' title='bbox 474 2322 516 2384; x_wconf 86' lang='lat' dir='ltr'><strong>irn</strong></span> <span class='ocrx_word' id='word_1_142' title='bbox 553 2324 746 2384; x_wconf 85' lang='lat' dir='ltr'><strong>dimenrorum</strong></span> 
     </span>
     <span class='ocr_line' id='line_1_26' title="bbox 85 2398 747 2494; baseline -0.003 -33"><span class='ocrx_word' id='word_1_143' title='bbox 85 2420 123 2461; x_wconf 86' lang='lat' dir='ltr'><strong>ex</strong></span> <span class='ocrx_word' id='word_1_144' title='bbox 132 2401 228 2462; x_wconf 85' lang='lat' dir='ltr'><strong>eastris</strong></span> <span class='ocrx_word' id='word_1_145' title='bbox 243 2402 443 2479; x_wconf 86' lang='lat' dir='ltr'><strong>mulorumque</strong></span> <span class='ocrx_word' id='word_1_146' title='bbox 456 2422 491 2494; x_wconf 87' lang='lat' dir='ltr'><strong>pr</strong></span> <span class='ocrx_word' id='word_1_147' title='bbox 529 2402 576 2461; x_wconf 86' lang='lat' dir='ltr'><strong>uei</strong></span> <span class='ocrx_word' id='word_1_148' title='bbox 587 2440 597 2471; x_wconf 87' lang='lat'><strong>‚</strong></span> <span class='ocrx_word' id='word_1_149' title='bbox 609 2400 698 2477; x_wconf 84' lang='lat' dir='ltr'><strong>deque</strong></span> <span class='ocrx_word' id='word_1_150' title='bbox 712 2398 747 2459; x_wconf 86' lang='lat' dir='ltr'><strong>iis</strong></span> 
     </span>
     <span class='ocr_line' id='line_1_27' title="bbox 85 2478 747 2557; baseline -0.003 -16"><span class='ocrx_word' id='word_1_151' title='bbox 85 2496 237 2541; x_wconf 80' lang='lat' dir='ltr'><strong>stramenta</strong></span> <span class='ocrx_word' id='word_1_152' title='bbox 249 2478 379 2553; x_wconf 77' lang='lat' dir='ltr'><strong>detralri3</strong></span> <span class='ocrx_word' id='word_1_153' title='bbox 393 2480 590 2557; x_wconf 67' lang='lat' dir='ltr'><strong>mulionesque</strong></span> <span class='ocrx_word' id='word_1_154' title='bbox 608 2500 676 2540; x_wconf 81' lang='lat' dir='ltr'><strong>curn</strong></span> <span class='ocrx_word' id='word_1_155' title='bbox 686 2493 747 2546; x_wconf 75' lang='lat' dir='ltr'><strong>&lt;as-</strong></span> 
     </span>
     <span class='ocr_line' id='line_1_28' title="bbox 85 2556 745 2638; baseline -0.006 -18"><span class='ocrx_word' id='word_1_156' title='bbox 85 2556 204 2629; x_wconf 84' lang='lat' dir='ltr'><strong>sidibus,</strong></span> <span class='ocrx_word' id='word_1_157' title='bbox 222 2559 351 2638; x_wconf 73' lang='lat' dir='ltr'><strong>equitm</strong></span> <span class='ocrx_word' id='word_1_158' title='bbox 369 2559 462 2637; x_wconf 84' lang='lat' dir='ltr'><strong>specie</strong></span> <span class='ocrx_word' id='word_1_159' title='bbox 480 2582 515 2621; x_wconf 84' lang='lat' dir='ltr'><strong>ae</strong></span> <span class='ocrx_word' id='word_1_160' title='bbox 538 2558 745 2627; x_wconf 83' lang='lat' dir='ltr'><strong>simulatione,</strong></span> 
     </span>
     <span class='ocr_line' id='line_1_29' title="bbox 85 2635 745 2717; baseline -0.008 -19"><span class='ocrx_word' id='word_1_161' title='bbox 85 2636 206 2698; x_wconf 73' lang='lat' dir='ltr'><strong>eollrlsus</strong></span> <span class='ocrx_word' id='word_1_162' title='bbox 221 2638 397 2700; x_wconf 83' lang='lat' dir='ltr'><strong>circumvehi</strong></span> <span class='ocrx_word' id='word_1_163' title='bbox 409 2639 505 2717; x_wconf 80' lang='lat' dir='ltr'><strong>jubet:</strong></span> <span class='ocrx_word' id='word_1_164' title='bbox 522 2638 566 2701; x_wconf 83' lang='lat' dir='ltr'><strong>his</strong></span> <span class='ocrx_word' id='word_1_165' title='bbox 579 2650 685 2717; x_wconf 75' lang='lat' dir='ltr'><strong>paucos</strong></span> <span class='ocrx_word' id='word_1_166' title='bbox 693 2635 745 2695; x_wconf 80' lang='lat' dir='ltr'><strong>ad·</strong></span> 
     </span>
     <span class='ocr_line' id='line_1_30' title="bbox 88 2715 746 2796; baseline -0.006 -19"><span class='ocrx_word' id='word_1_167' title='bbox 88 2716 127 2777; x_wconf 77' lang='lat' dir='ltr'><strong>dit</strong></span> <span class='ocrx_word' id='word_1_168' title='bbox 135 2715 261 2793; x_wconf 84' lang='lat' dir='ltr'><strong>equites,</strong></span> <span class='ocrx_word' id='word_1_169' title='bbox 271 2718 320 2796; x_wconf 87' lang='lat' dir='ltr'><strong>qui</strong></span> <span class='ocrx_word' id='word_1_170' title='bbox 330 2717 635 2786; x_wconf 80' lang='lat' dir='ltr'><strong>latius‚ostentationis</strong></span> <span class='ocrx_word' id='word_1_171' title='bbox 645 2728 746 2783; x_wconf 65' lang='lat' dir='ltr'><strong>causer,</strong></span> 
     </span>
    </p>
   </div>
   <div class='ocr_carea' id='block_1_3' title="bbox 88 2796 748 2883">
    <p class='ocr_par' dir='ltr' id='par_1_4' title="bbox 88 2796 748 2883">
     <span class='ocr_line' id='line_1_31' title="bbox 88 2796 748 2883; baseline -0.002 -24"><span class='ocrx_word' id='word_1_172' title='bbox 88 2812 274 2883; x_wconf 77' lang='lat' dir='ltr'><strong>vagarentur</strong></span> <span class='ocrx_word' id='word_1_173' title='bbox 293 2798 514 2883; x_wconf 80' lang='lat' dir='ltr'><strong>longocircuitu</strong></span> <span class='ocrx_word' id='word_1_174' title='bbox 522 2796 748 2862; x_wconf 76' lang='lat' dir='ltr'><strong>eusdemomrres</strong></span> 
     </span>
    </p>
   </div>
   <div class='ocr_carea' id='block_1_4' title="bbox 0 0 1010 3542">
    <p class='ocr_par' dir='ltr' id='par_1_5' title="bbox 0 0 1010 3542">
     <span class='ocr_line' id='line_1_32' title="bbox 0 0 1010 3542; baseline 0 0"><span class='ocrx_word' id='word_1_175' title='bbox 0 0 1010 3542; x_wconf 95' lang='lat' dir='ltr'><strong> </strong></span> 
     </span>
    </p>
   </div>
  </div>
 </body>
</html>
