2000 3542
242 334 295 405 168
316 330 823 409 clensmsc'ounrss.

237 498 320 541 natus
337 476 480 548 honesto,
496 479 546 557 qui
560 501 582 537 a·
593 480 684 558 prima
701 476 848 538 obsidione
864 474 905 537 acl

237 559 411 619 Ciceronem
422 559 608 639 profugerat,
624 574 759 635 suamque
772 557 801 615 ei
813 556 903 616 fidem

235 637 409 715 praestiterat.
430 637 491 697 Hie
517 656 602 699 servo
622 678 633 708 ,
654 660 705 716 spe
732 635 900 704 libertatis,

236 718 405 797 magnisque
424 716 572 794 persuadet
587 717 727 794 praemiis,
747 731 779 773 ut
794 715 901 774 litteras

233 795 270 855 ad
289 796 431 857 Caesarern
455 795 572 858 deferat.
597 796 660 856 Has
677 796 727 855 ille
747 794 778 852 in
803 793 902 853 'acurio

233 874 357 955 illigatas
379 873 460 934 affert
482 896 493 947 3
512 892 543 934 et
567 873 672 935 Gallus
693 875 786 934 inter.
841 873 899 931 llos

233 952 295 1013 sine
306 953 367 1013 ulla
383 954 543 1029 suspicione
553 972 697 1022 vertanus,
710 953 745 1014 ad
755 951 899 1013 Caesarem

231 1032 373 1109 pervenit.
408 1031 512 1093 Abeo
540 1032 576 1093 de
596 1034 727 1111 periculo
746 1030 898 1091 Ciceronis

231 1110 409 1191 legionisque
428 1112 590 1192 cognoscit.

271 1188 404 1251 XLVI.
414 1190 524 1258 Cacsar,
535 1187 658 1266 acceptis
672 1186 771 1247 litteris
783 1184 896 1247 circiter

231 1266 303 1330 hora
320 1288 362 1327 ιι
384 1268 463 1337 diei,
481 1270 577 1328 statim
593 1269 731 1328 nuncium
747 1265 778 1325 in
792 1266 897 1326 Bello-

230 1368 318 1408 vacos
333 1347 366 1405 ad
384 1349 428 1407 Μ.
446 1347 580 1408 Crassum
597 1364 766 1423 quaestorem
784 1344 893 1414 mittit,

229 1428 310 1503 cujus
330 1425 448 1487 hiberna
464 1428 581 1486 aberant
601 1428 638 1485 ab
658 1444 696 1485 eo
713 1424 806 1483 millia
825 1444 895 1501 pas-⁴

229 1526 313 1564 suum
326 1524 410 1567 xxv.
425 1506 512 1584 Jubet
528 1503 624 1563 media
640 1502 894 1583 nocte'legiouem

227 1583 388 1660 proficisci,
406 1584 591 1660 celeriterque
600 1583 635 1641 ad
646 1604 675 1643 se
684 1582 801 1645 venite:
820 1579 894 1641 exiit

228 1682 296 1721 cum
313 1662 420 1722 nuncio
439 1661 568 1723 Crassus.
586 1661 720 1722 Alterum
730 1660 766 1721 ad
776 1660 816 1724 C.
829 1658 890 1719 Fa-

228 1740 307 1799 bium
325 1742 452 1820 legatum
472 1740 585 1809 mittit,
608 1758 642 1802 ut
658 1740 689 1799 in
708 1738 895 1801 Atrebatium

226 1818 299 1879 lines
313 1821 461 1901 legionem
480 1819 616 1890 adducat,
631 1840 688 1896 qua
705 1819 758 1879 sibi
774 1818 829 1879 iter
842 1818 892 1878 fu-

224 1898 358 1959 ciendum
369 1899 484 1960 sciebat.
495 1898 597 1959 Scribit
606 1898 754 1968 Labieno,
766 1898 790 1957 si
801 1898 891 1973 Reip.

225 1978 383 2037 commodo
400 1978 493 2038 facere
511 1996 622 2053 posset,
638 1998 706 2037 cum
718 1977 832 2055 legione
850 1976 893 2037 ati

224 2054 295 2115 fines
314 2057 491 2117 Nerviorum
513 2056 636 2117 veniat:
657 2056 797 2133 reliquam
815 2076 886 2131 par-

222 2150 282 2193 tem
293 2134 449 2203 exercitus,
462 2133 539 2211 quod
549 2136 638 2212 paulo
649 2137 746 2195 aberat
755 2134 886 2214 longius,

221 2232 281 2271 non
298 2230 378 2290 putat
395 2211 626 2289 expectandam:
646 2214 755 2292 equites
771 2212 889 2274 circiter

221 2310 270 2351 ct>
284 2308 321 2349 ex
336 2291 474 2367 proximis
489 2289 613 2350 hibernis
626 2294 716 2373 cogit.
885 2336 890 2347 .

259 2368 410 2431 XLVII.
428 2368 513 2429 Hora
529 2370 641 2430 circiter
661 2391 715 2431 111
738 2373 775 2430 ab
795 2389 888 2431 ante--

218 2449 379 2508 cursoribus
396 2448 430 2506 de
448 2446 545 2509 Crassi
564 2449 688 2510 adventu
709 2450 815 2511 certior
836 2466 885 2509 est

216 2525 306 2589 factus
324 2548 334 2583 ε
353 2544 391 2585 eo
410 2526 454 2586 die
475 2526 567 2587 millia
585 2548 720 2606 passuum
738 2549 787 2589 xx
845 2548 888 2587 o-.

215 2604 350 2742 gredinu.
370 2603 505 2665 Crassum
524 2606 731 2669 Samarobrivae
743 2629 800 2686 pra
821 2607 882 2679 cit;

228 2702 244 2741 e

244 2700 426 2763 gronemque.
443 2683 470 2742 ei
490 2686 639 2775 attribuit.
659 2686 737 2762 quod
758 2685 800 2747 ibi
816 2686 882 2745 im-

214 2762 376 2840 pedimenta
394 2762 556 2835 exercitus,
578 2762 689 2827 obsides
707 2764 881 2833 citimum,

201 2864 214 2873 e
269 2872 299 2903 .-
767 2843 878 2907 litteras
