2000 3542
146 330 679 410 bebetqunuurcoLtuN.
703 347 755 400 161

13 484 16 491 ’
93 484 242 557 cessisset,
261 484 348 563 jussus
366 504 445 544 arma
465 482 586 561 abjicere
603 522 613 551 ,
630 480 759 562 impera-

93 578 158 625 tum
175 565 243 625 facit
253 585 269 637 ·3
284 564 416 642 suisque,
431 581 463 622 ut
473 562 551 621 idem
566 563 691 632 faciant,
705 564 759 621 im·

20 692 22 697 .
93 661 186 722 perat.
201 642 339 711 Interim,
354 642 423 703 dum
440 641 475 701 de
491 641 700 701 conditionibus
716 644 759 701 in·

92 740 138 783 ter
147 740 175 781 se
189 739 277 805 agunt
286 761 300 795 ,X
309 722 480 803 longiorque
491 722 624 781 consulto
635 722 670 779 ab
682 720 758 781 Arre·

91 800 204 883 biori'ge
226 799 378 861 instituitur
398 819 492 861 sermo
513 838 524 868 ,
542 800 681 878 paulatim
701 800 759 860 cir-

94 898 284 949 cumventus,
303 878 481 939 interficitur.
497 877 578 939 Tum
593 898 683 948 vero,
703 900 757 939 suo

92 978 196 1028 more,
216 958 366 1023 victoriam
376 958 579 1028 conclamant,
592 976 677 1036 atque
690 960 758 1019 ulu-

93 1039 186 1119 latum
209 1039 317 1099 tollunt
348 1060 359 1111 3
388 1040 552 1115 impetuque
580 1038 611 1097 in
641 1055 755 1097 nostros

91 1116 197 1187 facto,
221 1117 334 1178 ordines
353 1118 527 1195 perturbant.
547 1117 591 1176 lbi
611 1115 647 1179 L.
669 1114 757 1178 Cotta

61 1206 65 1214 ‘
92 1214 223 1277 pugnans
245 1194 411 1256 interficitur
433 1214 500 1255 cum
523 1196 651 1257 maxima
676 1212 756 1273 parte

94 1277 220 1338 militum
237 1298 247 1348 3
268 1276 368 1352 reliqui
385 1294 414 1335 se
437 1275 468 1333 in
487 1293 576 1335 castra
594 1274 754 1353 recipiunt,

75 1380 76 1385 ¹
94 1354 170 1415 unde
187 1372 268 1415 erant
284 1354 408 1435 egressis
426 1370 463 1413 ex
483 1354 583 1429 quibus
600 1354 635 1415 L.
653 1354 757 1415 Petro-

93 1433 178 1495 sidius
199 1434 350 1513 aquilifer,
369 1450 436 1494 cum
447 1446 557 1513 'magna
576 1433 758 1495 multitudine

93 1512 220 1573 hostium
238 1530 433 1591 premeretur,
452 1512 578 1589 aquilam
598 1513 672 1573 intra
691 1515 757 1573 val-

4 1646 5 1649 ,
94 1594 159 1654 lum
177 1592 319 1671 projecit,
336 1591 395 1668 ipse
419 1612 472 1669 pro
492 1592 587 1651 castris
602 1590 756 1653 fortissime

93 1692 223 1751 pugnans
241 1670 388 1731 occiditur.
407 1670 469 1730 Alii
492 1688 564 1751 aegre
579 1670 621 1731 ·αά
636 1690 756 1732 noctem

94 1752 340 1831 oppugnationem
352 1752 507 1810 sustinent:
520 1768 608 1810 noctu
618 1750 654 1811 ad
666 1772 759 1811 unum

95 1850 215 1899 omnes,
231 1828 379 1907 desperata
397 1829 506 1896 salute,
527 1847 556 1888 se
576 1830 629 1907 ipsi
646 1830 756 1890 interfi-

93 1910 184 1971 ciunt.
194 1908 282 1970 Pauci
294 1926 331 1967 ex
346 1908 449 1985 proelio
460 1906 569 2044 elapsi,
586 1908 698 1969 incertis
708 1909 758 1967 iti*

95 1987 225 2059 neribus,
244 2008 295 2065 per
311 1988 394 2049 silvas
412 1986 448 2047 ad
458 1984 497 2048 T.
533 1987 759 2069 abienumlega-¹

94 2086 159 2129 tum
173 2066 207 2125 ‘in
232 2066 349 2126 hiberna
369 2065 539 2143 perveniunt
557 2086 567 2137 3
583 2077 667 2143 atque
689 2067 758 2127 eum

4 2218 6 2223 .
79 2148 132 2209 'de
149 2149 232 2209 rebus
271 2146 335 2205 estis
353 2144 505 2205 certiorem
520 2143 639 2208 faciunt.
732 2149 736 2161 ¹

4 2226 9 2237 '
133 2224 248 2285 ·Χ·ΧΧ
293 2224 359 2285 ΙΙΙ.
393 2222 460 2283 Hac
488 2224 609 2283 victoria
637 2226 761 2285 sublatus

96 2304 272 2373 Ambiorix,
290 2302 384 2363 statim
399 2321 466 2362 cum
484 2302 610 2379 equitatu
626 2304 657 2363 in
668 2308 761 2364 litua*
777 2303 779 2309 '

92 2384 190 2453 ticos,
208 2384 255 2461 qui
268 2400 349 2443 erant
364 2382 424 2458 ejus
439 2399 533 2463 regno
546 2381 678 2453 finitimi,
691 2404 762 2461 pro·
841 2388 844 2391 ’

98 2462 233 2523 ficiscitur
245 2484 256 2535 3
275 2478 367 2539 neque
378 2460 474 2529 diem,
486 2479 579 2537 neque
588 2480 706 2523 noctem
716 2463 762 2522 in*

98 2541 231 2603 termittit
241 2562 251 2613 3
263 2540 475 2619 peditatumque
488 2558 517 2599 se
529 2542 659 2620 subsequi
672 2542 764 2614 jubet.

98 2621 143 2681 Re
154 2618 364 2687 demonstrata,
384 2616 579 2696 Amaticisque
594 2620 763 2692 concitatis,

98 2716 216 2778 postero
233 2700 279 2761 die
296 2700 326 2759 in
344 2696 469 2761 Nervios
488 2699 643 2775 pervenit·
665 2698 764 2760 borra-

98 2796 147 2841 rur
164 2796 197 2836 ue
209 2818 221 2847 ,
245 2797 280 2839 ne
303 2775 348 2840 sut‘
370 2774 403 2840 itt
420 2792 582 2859 perpetuum
604 2745 767 2853 blerano,

143 2924 147 2932 ,
171 2874 247 2939 umus
266 2852 294 2924 1.
612 2855 647 2933 Q
