2000 3542
4 181 7 284 r

153 353 698 430 ouBcucoGuturcobru.III.
723 378 774 431 rol

149 499 330 564 XXVIII.
354 499 466 562 Eodem
482 501 542 562 fere
560 506 690 580 tempore
709 493 776 563 Cie-

108 596 180 650 sar,
202 580 254 643 etsi
274 601 364 658 prope
384 597 493 642 exacta*
508 579 568 658 jam
588 597 665 642 aestas
687 600 777 654 erat,

108 676 231 728 tamen,
249 661 325 736 quod
345 660 427 720 omni
446 656 545 719 Gallia
563 669 684 737 pacata,
706 662 779 721 Mo-

107 737 166 828 rini
195 735 379 816 Menapiique
398 739 580 815 supererant,
604 739 653 814 qui
678 740 709 798 ih
726 747 774 799 ar'-

108 837 167 876 mis
185 836 303 886 essent,
324 823 417 894 ne'qire
441 817 476 876 ad
497 836 565 877 eum
584 833 712 894 unquam
730 820 775 882 le·

105 913 194 1034 §atos
216 897 251 958 de
279 903 350 974 pace
374 894 514 956 misissent
537 917 547 970 ;
576 895 724 957 arbitratus
746 896 775 971 id

129 976 221 1036 ellum
241 977 370 1036 celeriter
388 970 492 1036 confici
502 984 616 1052 posse,
636 996 672 1036 eo
690 996 774 1037 exer-

106 1055 202 1115 citum
222 1054 337 1114 adduxit
356 1077 364 1132 ,²
383 1054 432 1132 qui
453 1055 542 1134 longe
562 1056 618 1114 alia
640 1057 774 1126 ratione,

109 1143 146 1193 ac
165 1134 265 1210 reliqui
286 1125 391 1202 Galli,
413 1133 523 1200 bellum
541 1152 625 1214 agere
645 1131 774 1194 institue-

53 1234 58 1239 ·
108 1221 187 1292 r'unt.
213 1211 311 1280 Nani',
338 1211 413 1290 quod
433 1210 652 1291 intelligebant,
677 1213 774 1272 maxi-

107 1301 171 1352 nia‘s
188 1289 332 1371 nationes,
350 1307 411 1370 quae
427 1291 531 1368 proelio
545 1290 774 1362 contendissent,

107 1372 204 1448 pulsas
233 1377 515 1448 superatasque.esse'
539 1388 549 1443 3
578 1369 775 1432 continentes-

108 1463 166 1527 que
192 1449 275 1511 silvas
300 1469 334 1508 ac
354 1447 470 1528 paludes
487 1446 629 1514 habebant
648 1469 658 1522 3
689 1457 725 1511 ἑο·
742 1471 774 1513 se

106 1547 216 1605 suaque
244 1528 341 1589 omnia
368 1529 559 1588 contulerunt.
584 1528 631 1588 Ad
653 1538 775 1605 quanttn

107 1608 225 1669 initium
242 1609 376 1668 silvarum
393 1627 459 1667 curn
475 1607 649 1686 pervenisset
660 1607 773 1680 Caesar,

108 1704 255 1764 castraque
264 1685 375 1747 nuinire
386 1685 571 1760 instituisset;
590 1703 683 1764 neque
701 1686 774 1750 lios-

106 1767 145 1826 tis
163 1766 278 1826 interim
295 1765 371 1826 visus
387 1783 459 1826 esser
471 1787 482 1838 3
493 1765 621 1843 dispersis
638 1767 668 1826 in
684 1783 775 1844 opere

107 1844 229 1914 nostris,
244 1845 336 1906 subito
352 1862 388 1902 ex
406 1844 539 1904 omnibus
555 1845 679 1922 partibus
696 1846 774 1923 silvae

108 1924 317 1992 evolaverunt,
337 1940 367 1982 et
388 1922 418 1982 in
440 1939 553 1982 nostros
572 1923 713 1998 impeturn
728 1924 775 1984 fe-

108 2020 220 2065 cerunt.
241 2001 342 2063 Nostri
362 2001 493 2062 celeriter
514 2020 594 2060 anna
614 2019 774 2078 ceperunt,

108 2102 216 2160 eosque
230 2081 260 2141 in
278 2081 362 2142 silvas
376 2081 540 2158 repulerunt
553 2101 564 2151 3
580 2097 625 2148 et,
639 2083 774 2160 complu-

107 2163 185 2222 ribus
207 2157 359 2221 interfectis
379 2198 390 2228 ,
416 2161 529 2244 longius
546 2159 774 2238 impeditioribus

108 2239 183 2300 locis
202 2238 317 2309 secuti,'
336 2251 442 2316 paucos
466 2259 503 2300 ex
527 2239 583 2300 suis
604 2237 772 2318 deperdide-

108 2335 186 2380 runt.

148 2392 428 2472 XXIX.'Reliquis
445 2391 576 2474 deinceps
593 2393 690 2458 diebus
705 2399 771 2462 Cae-

108 2495 154 2536 sar
177 2477 262 2536 silvas
281 2474 386 2537 caedere
407 2474 527 2536 instituit·
546 2495 556 2549 3
576 2491 632 2544 et,
652 2497 690 2537 ne
712 2483 775 2556 quis

106 2555 264 2616 inermibus
278 2553 556 2631 imprudentibusque
581 2554 718 2617 militibus
736 2560 773 2621 ab

107 2633 198 2694 latere
213 2635 339 2711 'impetus
356 2631 418 2694 fieri
433 2651 548 2712 posset,
569 2653 688 2695 omnem
708 2659 773 2699 eam

109 2711 278 2781 materiam,
295 2729 355 2791 qua
373 2727 433 2774 erat
450 2733 537 2780 caesa,
555 2733 723 2775 conversam
738 2714 774 2778 ad

109 2790 225 2854 hostem
235 2791 415 2864 collocabat,
427 2807 456 2856 et
465 2791 607 2874 pro-valo
620 2791 775 2930 ‘illm‘

644 2890 676 2951 ¹¹l
