2000 3542
155 283 774 369 ntBrrtoGnttreo.L1n.V.135

106 427 152 473 tos
166 410 202 472 ad
208 411 360 495 Caesarern·
367 413 457 475 mittit
468 435 479 487 ς
492 436 553 477 sese
570 415 677 479 idcirco
693 416 779 481 asnis

106 491 270 568 discedere,
289 509 373 568 arque
384 492 420 552 ad
437 514 505 555 eum
522 497 619 557 venire
634 496 778 567 noluisse,

105 592 168 648 quo
184 570 297 632 facilius
314 570 461 632 civitatem
481 573 511 631 in
529 573 627 636 officio
642 576 777 639 contine-

66 722 71 730 ,
106 667 173 717 ret,
192 669 229 709 ne
247 649 342 709 omnis
361 652 518 713 nobilitatis
536 654 679 725 discessu,
699 654 778 732 plebs

109 748 227 820 propter
252 728 473 820 imprudentiam
492 733 658 795 laberetur:
680 733 777 811 itaque

108 825 259 868 crustatem
274 829 310 868 rn
333 831 381 869 sua
398 828 538 887 potestate
555 832 614 877 esse
633 833 643 885 3
662 831 747 891 seque
764 852 776 883 ‚

108 889 133 948 si
154 886 250 947 Caesar
271 889 468 965 permitteret,
485 889 520 949 ad
545 890 664 955 eumin
687 907 779 955 castra

108 985 285 1037 venturum,
312 982 342 1027 et
360 989 423 1029 suas
449 968 626 1047 civitatisque
646 969 777 1033 fortunas

107 1047 170 1125 ejus
188 1045 254 1106 fidei
270 1046 483 1130 permissurum,

110 1172 114 1179 .
148 1124 212 1187 IV.
240 1124 360 1195 Caesar,
382 1127 435 1188 etsi
458 1124 637 1206 intelligebat
654 1147 710 1204 qua
739 1126 776 1189 de

106 1224 195 1266 causa
213 1224 249 1263 ea
265 1204 441 1273 dicerentur,
458 1224 575 1282 quaque
593 1225 661 1267 eum
677 1226 720 1267 tes
739 1209 775 1267 ab

109 1283 240 1345 instituto
259 1284 383 1369 pontilio
405 1284 557 1344 deterreret
574 1304 583 1355 ς
603 1302 720 1353 tamen,
738 1304 776 1359 po

108 1379 236 1435 aestatem
248 1361 278 1421 in
289 1363 416 1425 Treviris
427 1381 595 1423 consumere
608 1381 776 1445 cogeretur,

108 1442 245 1506 omnibus
272 1444 354 1503 rebus
381 1443 416 1502 ad
443 1441 640 1502 Britannicum
665 1442 775 1505 bellurn

107 1520 300 1597 comparatis,
317 1520 551 1591 Indutiomarum
561 1518 596 1579 ad
607 1540 637 1591 se
649 1540 716 1587 eum
729 1542 773 1581 cc

109 1600 253 1671 obsidibus
271 1599 369 1671 venire
390 1598 478 1679 jussit.
500 1598 555 1659 His
579 1598 722 1669 adductis,
746 1615 776 1661 et

109 1680 142 1738 in
162 1678 196 1739 iis
219 1678 282 1740 filio
300 1679 521 1757 propinquisque
537 1677 596 1757 ejus
615 1678 775 1751 omnibus,

108 1780 183 1835 quos
202 1758 377 1818 nominatim
397 1774 591 1827 evocaverat,
610 1758 776 1823 consolatur

111 1836 373 1907 induciomarum,
397 1834 581 1911 hortatusque
599 1852 641 1897 est
657 1834 723 1905 ,uti
744 1836 775 1897 in

111 1914 211 1977 officio
229 1932 408 1993 permaneret
423 1937 434 1988 3
456 1914 549 1983 nihilo
571 1930 668 1973 tamen
686 1914 776 1975 secius

111 1996 285 2082 principibus
301 1993 491 2061 Trevirorum
507 1991 581 2063 adse
591 1993 775 2063 convocatis,

110 2096 162 2135 eos
169 2074 315 2155 sigillatim
323 2073 501 2153 Cingetorigi
509 2070 776 2149 conciliavitrquod

110 2174 180 2219 cum
190 2153 294 2215 merito
303 2152 364 2229 ejus
374 2174 390 2211 a
400 2171 429 2211 se
439 2151 702 2233 fieriintelligebatt
714 2168 777 2212 turn

112 2232 213 2312 magni
227 2232 359 2291 interesse
376 2230 577 2298 arbitrabatur,
594 2231 655 2310 ejus
671 2246 777 2291 aucto·-

112 2312 229 2372 ritatem
239 2312 313 2369 inter
322 2329 387 2375 suos
395 2330 482 2385 quarn
493 2306 650 2385 plurimum
662 2308 776 2381 valere,
835 2307 841 2319 ⁸

112 2390 194 2478 cujus
211 2406 348 2525 tameqre
369 2388 426 2447 iam
437 2388 467 2447 in
477 2408 507 2449 se
518 2388 696 2449 voluntatem
709 2408 776 2464 per-

113 2485 259 2547 spexisset.
281 2468 293 2527 l
380 2484 442 2527 trun
460 2466 584 2550 graviter
604 2466 669 2527 tulit
688 2466 776 2527 Indu-

113 2550 275 2639 tiomarus,
289 2568 368 2605 suam
378 2546 579 2637 grstiamuintent
588 2565 653 2608 suos
664 2544 754 2633 minui
765 2568 776 2619 ;

116 2644 167 2695 et,
185 2648 236 2703 qur
258 2646 316 2703 qam
334 2644 400 2685 ante
422 2644 542 2684 rnrmrco
560 2640 590 2683 tn
609 2644 661 2683 nos
678 2645 777 2683 animo

112 2705 232 2775 luisset,
249 2705 343 2772 multo
352 2705 466 2790 gravius
480 2702 538 2773 hoo
550 2702 780 2769 doloreexarsit.
