2000 3542
240 346 296 414 256
317 329 823 401 cuensntsconnsns.

240 480 320 543 venti
329 498 413 556 atque
425 477 569 537 interfecti
581 516 590 547 ‚
604 476 639 537 de
658 499 742 539 muro
752 474 916 555 praecipita·

242 563 353 620 bantur.
368 560 412 619 M.
424 556 552 617 Petreius
563 557 689 636 ejusdem
706 556 829 638 legionis
838 574 912 615 cen-

241 640 348 707 turio,
382 658 450 696 cum
472 652 569 713 portas
601 638 764 697 exscindere
790 648 913 693 conatus

242 734 333 786 esset,
362 715 578 779 amultitudine
602 726 771 794 oppressus,
803 734 839 773 ac
857 712 912 772 sibi

241 799 410 875 desperans,
432 795 530 855 multis
549 796 608 872 jam
626 794 789 857 vulneribus
804 812 911 867 accep-

241 878 295 945 tis,
318 874 540 951 manipularibus
560 874 639 942 suis,
659 875 708 951 qui
719 872 801 932 illum
821 870 912 931 secuti

241 970 323 1016 erant
333 993 342 1021 ,
353 948 515 1031 Quoniam,
534 953 643 1031 inquit,
655 972 699 1012 nze
707 948 912 1010 unarobircum

242 1050 356 1093 servan
371 1050 426 1089 non
438 1050 572 1109 possum,
592 1049 695 1091 vestra
711 1026 820 1106 quidem
837 1044 917 1091 certe.

242 1108 327 1171 saluti
335 1107 527 1190 prospiciam,
545 1128 627 1187 quos,
646 1106 796 1189 cupiditate
805 1104 911 1185 glorios

242 1187 395 1258 addamus,
410 1187 441 1247 in
475 1186 605 1247 tritulum
621 1186 735 1247 deduxi.
749 1184 824 1255 Vos,
842 1183 917 1257 dara.

235 1261 395 1345 facultate,
412 1207 491 1326 voiis
504 1265 639 1326 consulite
652 1293 661 1325 :
672 1266 754 1327 simul
764 1265 862 1342 irrupit
878 1264 911 1322 in

242 1347 353 1419 medios
374 1344 469 1406 hostes
497 1366 508 1417 3
531 1346 694 1423 duobusque
721 1344 908 1412 interfectis,

242 1426 367 1503 reliquos
385 1444 404 1483 a
423 1442 508 1503 porta
522 1426 641 1503 paulum
662 1423 816 1485 submovit.
840 1421 909 1482 Co·

243 1504 374 1564 nantibus
392 1504 523 1563 auxiliari
543 1504 619 1573 suis,
641 1499 777 1571 Frustra,
795 1502 909 1579 inquit,

243 1603 311 1643 ntea
329 1580 396 1642 vite
409 1579 554 1642 subvenire
576 1581 736 1650 conamini,
755 1598 839 1671 prtem.
855 1580 912 1638 'am

241 1658 360 1738 sanguis
379 1658 507 1737 uiresque
528 1657 670 1796 iiim
697 1657 818 1719 Protnde
839 1600 908 1717 iias

176 1790 178 1795 .
241 1737 336 1807 abite,
356 1735 420 1795 dum
431 1754 475 1795 est
485 1734 556 1812 fatu
580 1758 613 1797 as
623 1758 637 1810 ;
652 1758 751 1817 vorpue
771 1735 807 1795 ad
820 1734 915 1815 legio*

242 1838 304 1878 nem
323 1814 448 1895 recipite.
471 1817 515 1877 Ita
534 1836 683 1895 pugnans,
702 1833 767 1897 post
785 1818 908 1893 paulum

241 1895 385 1964 concidit,
397 1916 432 1954 ac
443 1896 500 1956 suis
507 1898 590 1960 saluti
600 1897 663 1958 lirit.

250 1990 259 1996 ”
278 1975 336 2037 LI.
352 1974 470 2044 Nostri,
482 1976 678 2053 cumundique
689 1990 915 2052 premerentur,-

241 2074 264 2114 x
276 2074 344 2116 rvr
363 2052 574 2113 centurionibus
584 2055 710 2123 amissis,
724 2054 825 2130 dejecti
837 2071 914 2113 sunt.

240 2135 334 2192 locos
351 2131 398 2192 sed
410 2132 607 2195 intolerantius
627 2132 732 2195 Gallos
750 2136 911 2211 insequen-v

240 2228 282 2271 tes
293 2211 371 2293 legio
379 2229 399 2268 x
408 2209 529 2273 tardavit
537 2232 618 2289 3quae
627 2234 680 2290 pto
697 2212 819 2273 subsidio
830 2233 913 2290 pau-v

201 2303 203 2306 ’
224 2290 272 2350 ·Ῑο
290 2289 412 2367 aequiore
428 2289 496 2349 loco
515 2292 689 2355 constiterat.
709 2290 795 2351 Hanc
807 2312 901 2355 rursus

240 2388 326 2428 xus
342 2368 464 2448 legionis
479 2368 611 2431 cohortes
625 2390 816 2447 ,exceperuntg
838 2390 912 2448 quae.

241 2468 279 2509 ex
288 2448 383 2512 castus
391 2449 547 2521 minoribus
555 2450 660 2511 &cerae
671 2489 681 2519 ,
691 2470 763 2516 cum,
774 2451 812 2510 T.
823 2450 899 2511 Sex·

238 2528 283 2586 tio
302 2526 406 2615 nlegato
429 2544 563 2602 ceperant
587 2530 686 2591 locum
710 2531 899 2607 superiorem·

238 2603 401 2685 Legiones,
423 2605 473 2666 ubi
485 2607 611 2683 primunr
623 2609 772 2687 planitiem
789 2609 896 2691 attige-

238 2687 325 2751 rurir‚
349 2680 454 2773 infestis
468 2701 568 2747 contra
582 2686 676 2749 hostes
689 2688 774 2769 signis
790 2686 897 2749 consti·

238 2769 343 2829 terunt.
359 2760 577 2848 vercingetorix
599 2769 644 2835 ab¹
661 2766 799 2830 radicibus
813 2765 906 2831 collis·

831 2866 897 2907 suos
