2000 3542
187 315 703 386 υιΒειιοΘιιιιεοῑιιᾸῙ.
742 339 780 398 59

115 459 208 522 neutri
224 459 387 521 transeundi
402 460 518 524 initium
531 465 659 537 faciunt,
674 487 779 529 seeun-

113 539 194 601 diore
214 539 344 618 equitum
361 557 523 604 nostrorum
563 546 665 616 serio,
684 546 783 608 Cesar

110 637 179 680 suos
204 618 234 678 in
261 637 352 679 casua
373 620 495 684 reduxit.
612 647 626 685 s
649 628 779 703 protinus

111 717 151 758 ex
174 718 214 759 eo
229 698 299 758 loeo
318 695 354 758 ed
378 696 485 761 flumen
502 700 641 763 Axonam
657 723 779 765 couten-

111 776 235 845 dentut,
253 777 331 856 quod
347 795 407 839 esse
423 797 488 857 post
503 799 599 842 nostra
620 801 709 843 eastra
725 784 777 844 de·

109 871 302 916 monstratum
319 873 363 917 est
379 879 389 917 ε
407 858 448 918 ibi
465 859 544 921 vadis
560 863 695 939 repertis,
713 881 779 938 par·

109 951 172 994 tem
190 953 302 995 marum
320 936 468 1028 copiarum
486 938 665 1000 transducere
679 940 781 1001 eonati

109 1031 177 1074 tunt
195 1036 206 1087 ς
226 1033 264 1075 eo
285 1015 431 1085 consilto,
449 1035 502 1086 ιιι,
519 1019 543 1078 si
560 1037 693 1096 possent,
711 1040 777 1080 ees*

107 1092 236 1160 tellum,
253 1092 298 1152 cui
312 1112 428 1171 preerat
444 1093 487 1172 Q
502 1097 630 1158 Titurius
648 1099 776 1178 legatus,

108 1188 325 1253 expugnarent,
338 1191 513 1252 pontemque
528 1176 771 1238 interscinderent:

106 1252 153 1311 sin
170 1254 284 1318 minus,
303 1272 386 1332 agros
401 1253 583 1314 Rhemoturu
598 1256 773 1332 popularen-

106 1348 173 1401 tur,
190 1332 239 1409 qui
256 1350 362 1409 magno
374 1332 457 1390 nobis
473 1333 538 1391 usui
553 1333 590 1392 ad
600 1335 709 1394 bellum
722 1354 776 1416 ge·

106 1411 335 1480 rendumeraut,
346 1427 581 1490 commeatusque
592 1429 776 1474 nostrossus·

105 1491 248 1568 tinebant.
671 1535 674 1542 .

145 1567 189 1629 X.
197 1566 293 1628 Caesar
304 1565 413 1628 certior
423 1567 513 1630 factus
527 1568 691 1639 aTiturio,
707 1590 774 1631 orn·

104 1667 175 1709 nem
197 1647 378 1726 equitatum,
398 1666 429 1707 et
449 1649 521 1710 levis
538 1667 687 1710 armature
703 1649 772 1710 Nu-

104 1727 214 1796 midas,
232 1727 405 1794 funditones,
421 1728 634 1808 sagittariosque
651 1746 772 1807 pontem

104 1807 282 1876 transduxit,
298 1824 382 1883 atque
397 1806 432 1864 ad
448 1827 498 1866 eos
514 1808 673 1868 coutendir.
686 1808 773 1867 Acri·

103 1905 150 1948 ter
165 1887 195 1946 in
212 1905 249 1946 eo
264 1887 333 1946 loco
350 1901 508 1966 pugnatum
525 1902 577 1947 est.
595 1884 702 1946 Hostes
715 1886 774 1944 im-

104 1967 217 2046 pediros
224 1965 313 2025 nostri
322 1965 351 2022 in
359 1961 476 2024 flumine
483 1965 621 2045 aggressi,
632 1983 771 2043 magnum

105 2065 209 2109 eorum
225 2063 377 2105 numerum
398 2043 583 2113 occidentur,
600 2062 650 2121 per
667 2062 771 2102 eorum

106 2143 230 2202 corpora
249 2125 372 2201 reliquos
383 2121 566 2184 audacissime
584 2121 705 2182 transire
718 2141 772 2182 co-

107 2220 229 2274 nantes,
248 2201 428 2264 multitudine
438 2203 563 2262 telorum
583 2202 768 2280 repulerunt:

104 2286 234 2365 primos,
249 2283 297 2360 qui
309 2281 494 2350 transierant,
508 2280 634 2359 equitatu
647 2280 773 2341 circum-

105 2378 209 2428 ventos
229 2362 441 2423 interfecerunt.
462 2359 588 2436 Hostes,
611 2360 662 2420 ubi
685 2359 771 2421 etde

106 2461 182 2520 expu
260 2441 301 2502 do
316 2438 443 2518 oppido,
458 2455 489 2499 er
504 2440 539 2499 de
554 2437 671 2499 flumine
687 2453 770 2512 tran·

107 2542 177 2584 seun
198 2541 218 2579 o
240 2539 320 2598 spem
341 2540 369 2579 se
393 2517 525 2580 fefellisse
543 2517 767 2586 intellexerunt,

105 2619 198 2678 neque
214 2615 325 2661 nostros
345 2599 375 2658 in
393 2597 492 2658 locum
512 2596 683 2674 iniquiorem
700 2617 772 2674 pto·

105 2679 185 2763 gredi
201 2678 344 2760 pugnandi
359 2697 441 2737 causa
451 2675 601 2746 videmur,
618 2695 703 2754 atque
717 2695 772 2735 eos

82 2803 86 2810 -
104 2775 148 2822 res
166 2757 348 2821 frumentaria
367 2755 486 2818 deficere
505 2757 593 2835 coepit
610 2776 624 2830 ς
640 2754 772 2818 coneilio
