2000 3542
181 388 184 393 Ι
226 318 801 390 17eC.J.Casea1econnm.

222 447 282 511 fere
296 443 381 513 fuerit
396 450 495 513 civitas
506 470 567 513 non
582 465 710 528 suspecta
722 450 819 513 nobis
836 452 895 514 ld-.

126 594 130 599 ,
225 549 281 605 que
293 528 453 600 adeo,haud
466 528 739 599 sei0‚mirandumne-
750 531 803 599 sit,
815 552 888 591 cum

223 609 491 687 compuribuealiis
503 608 538 671 de
547 609 728 684 causisetutn
737 610 888 680 mandene,

223 688 322 763 quod,
340 687 389 767 qui
403 688 508 751 virtute
522 687 591 749 belli
606 687 739 749 onmibus
753 690 888 769 gentibus

222 767 459 843 praeferebantur,
482 784 593 835 tantum
612 766 718 843 secius
738 766 887 844 opinionis

224 845 430 923 deperdidisse,
448 864 481 908 ut
499 846 601 924 populi
619 845 657 906 R.
676 844 797 927 imperia
815 867 887 926 per·

225 924 349 994 ferrent,
357 924 532 1065 ‘gravissime
546 925 693 988 dolebant.
886 948 895 963 ·

238 1002 336 1066 .LV.
386 1003 471 1066 reviri
498 1024 575 1067 nero·
587 1020 671 1081 atque
702 1002 889 1065 Indutioma-

226 1102 273 1145 rus
300 1082 387 1145 totius
405 1082 508 1144 hiemis
531 1084 643 1144 nullutn
662 1100 774 1159 tempus
793 1083 888 1143 inter-

226 1164 394 1233 miserunt,
426 1162 494 1239 quin
519 1179 595 1226 mens
617 1159 751 1223 Rhenum
774 1163 889 1241 legatos

226 1241 373 1304 mitterent
391 1261 401 1313 3
420 1241 548 1305 civitates
564 1239 749 1301 sollicitarent
768 1263 779 1313 3
796 1260 888 1318 pecu-

226 1321 288 1381 nias
304 1322 508 1401 pollicerentur
524 1340 536 1393 ς
553 1340 659 1400 magna
675 1329 754 1397 parte
773 1320 886 1380 exerci-

227 1418 271 1460 tus
285 1400 374 1461 nostri
390 1399 661 1469 interfeeeaamulto
677 1398 821 1459 minorem
838 1420 886 1459 sm

226 1499 337 1557 peterse
360 1479 486 1543 dicerent
512 1495 631 1555 partem.
659 1477 763 1554 Neque
788 1496 892 1539 tamen

227 1558 281 1620 ulli
299 1558 405 1619 civitati
422 1556 637 1619 Germanoruun
653 1555 813 1633 persuaderi
827 1578 887 1635 po-

226 1638 302 1707 tuit,
315 1653 354 1697 ut
370 1636 505 1697 Rhenum
525 1636 654 1698 transiret
671 1658 681 1711 ;
702 1655 763 1695 curn
786 1656 818 1695 se
841 1634 890 1698 lie

227 1731 354 1797 expertos
381 1714 506 1777 dicerent
527 1755 544 1785 ,,
566 1712 707 1775 Ariovisti
729 1711 799 1774 bello
819 1757 834 1784 ,
859 1732 890 1776 et

228 1791 442 1858 Tenctherorum
457 1792 602 1863 transitu
619 1812 748 1853 noneste
769 1791 889 1873 amplius

220 1870 364 1949 fortunent
376 1872 546 1935 tentandam.
556 1872 621 1933 Hac
630 1892 677 1948 spe
690 1872 784 1947 lapsus
799 1872 889 1934 Indue

228 1953 391 2023 eiomarun,
413 1951 615 2013 nibilominus
637 1952 734 2027 copias
758 1970 887 2032 cogere,

227 2032 341 2115 exigere
359 2054 376 2093 a
392 2031 546 2101 finitimis,
566 2049 655 2105 equos
672 2050 793 2107 parare,
813 2052 886 2093 euu-

225 2111 268 2189 lps
282 2110 489 2186 damnatosque
503 2127 566 2169 tota
581 2107 686 2168 Gallia
692 2107 802 2189 magnis
817 2132 888 2189 prae.
986 2175 988 2187 Ι

226 2189 292 2249 atriis
307 2188 342 2248 ad
359 2209 388 2249 se
405 2189 521 2249 allicere
540 2174 647 2265 coepitr
664 2206 817 2247 aetantam
834 2190 887 2253 sibi

226 2267 286 2345 iam
301 2267 336 2329 iis
345 2268 426 2329 rebus
435 2267 464 2327 in
480 2265 579 2327 Gallia
590 2266 789 2327 auctoritatem
805 2289 885 2329 com·

193 2375 195 2387 =
226 2364 392 2425 paraverat,
403 2365 439 2407 ut
454 2345 577 2423 undique
593 2345 710 2407 adeum
726 2346 887 2425 legationes

226 2443 428 2503 concurrerent
446 2449 455 2498 ς
477 2425 600 2506 gratiam
623 2443 707 2502 atque
728 2425 887 2491 amicitiam

227 2505 340 2583 publice
360 2504 547 2581 privatimque
563 2520 704 2581 peterent.

240 2638 243 2656 ,
265 2581 356 2659 LVI.
371 2583 432 2643 Ubi
441 2584 583 2643 intellexit
593 2585 670 2645 ultro
683 2581 718 2641 ad
729 2602 759 2641 se
770 2582 887 2653 veniel,

226 2662 316 2737 altera
325 2680 446 2743 exparte
456 2662 584 2729 Senones
593 2662 786 2742 Carnutesque
798 2682 884 2728 conss
