2000 3542
128 344 752 429 otBtttoGstctcoL13.V.163

88 488 178 561 sniis,
204 490 226 551 si
251 488 443 567 pertulissent.
467 488 597 553 Obsessis
621 490 757 555 omnibus

89 570 145 632 viis
163 608 174 639 ,
196 568 275 630 missi
295 568 519 647 intercipiuntur.
542 570 641 632 Noctu
663 590 700 631 ex
719 591 755 634 ca

87 648 229 718 materia,
246 653 333 727 quiam
345 648 512 709 munitionis
522 670 606 711 causa
616 670 754 728 compor-

88 744 240 798 taverant,
256 744 345 789 turres
363 728 519 787 admodum
537 748 609 790 cxx
626 730 756 790 excitan-

89 824 137 867 tur
146 805 302 868 incredibili
318 806 478 867 celeritates
491 827 553 885 qua
566 808 661 868 deesse
673 809 767 887 operi'

88 885 282 955 videbantur,
304 882 497 963 perficiuntur.
517 884 624 948 Hostes
639 906 756 966 postero

90 963 257 1034 die,multo
268 965 755 1045 maioribuscopiiscoactis,castra

91 1062 278 1125 oppugnant,
298 1044 404 1105 fossam
425 1045 584 1123 complent.
604 1048 633 1107 A
652 1048 755 1107 nostris

91 1122 193 1184 eadem
204 1124 313 1184 ratione
323 1142 397 1199 ,qua
411 1124 518 1200 pridie,
528 1124 681 1185 resistitur:
695 1125 754 1187 boc

89 1202 172 1263 idem*
186 1202 317 1281 deinceps
337 1202 450 1279 reliquis
475 1201 509 1262 fit
531 1203 639 1265 diebus.
661 1202 754 1265 Nulla

90 1300 155 1359 pars
170 1282 302 1343 nocturni
316 1281 454 1358 temporis
470 1282 506 1341 ad
520 1282 650 1343 laborem
667 1283 756 1343 inter-

91 1360 240 1421 mittitur:
259 1380 318 1419 non
339 1360 435 1439 aegris,
458 1366 518 1419 n'on
535 1361 690 1423 vulneratis
709 1362 755 1423 fa·

92 1441 182 1501 cultas
200 1439 300 1517 quietis
317 1440 407 1499 datur.
427 1436 625 1517 Quaecumque
635 1442 670 1502 ad
684 1460 754 1519 pro·

90 1519 164 1579 nimi
175 1518 232 1579 diei
244 1519 487 1599 oppugnationem
498 1540 569 1597 opus
581 1535 663 1592 sunr,
679 1528 763 1583 ηοε-ἱ

91 1608 124 1660 t'u
150 1614 375 1676 comparantur:
392 1598 489 1659 muitae
508 1616 632 1677 praeustae
648 1600 752 1671 sudes,

90 1696 214 1771 magnus
229 1675 383 1737 muralium
400 1676 525 1753 pilorum
540 1698 674 1741 numerus
691 1680 754 1740 ins·

89 1756 202 1819 titurtur
223 1778 232 1820 c
255 1772 345 1829 turres
370 1758 590 1817 contabulantur
609 1760 755 1836 3pinnae,

89 1836 242 1913 loricaeque
254 1854 290 1895 ex
300 1834 421 1899 cratibus
433 1852 606 1896 attexuntur.
623 1837 687 1921 ipse
698 1838 753 1899 ct-

90 1934 184 1984 cero,
208 1934 275 1975 cum
291 1914 457 1975 tenuissima
480 1914 642 1976 valetudine
660 1918 762 1984 essct,

92 2012 130 2054 ne
157 2000 332 2055 nocturnum
355 1994 471 2071 quidem
498 1993 550 2053 sibi
576 2010 688 2071 rempus
718 1994 754 2054 ad

93 2074 219 2153 quierem
227 2073 458 2151 refinquebarrur
465 2072 543 2133 ultro
553 2072 678 2133 miiitum
686 2091 757 2135 con-

93 2172 176 2216 cursu
192 2172 228 2212 ac
242 2153 378 2221 vocibus,
392 2151 443 2211 sibi
459 2168 577 2230 parcere
593 2160 755 2233 cogeretur.

3 2232 6 2239 ’
132 2229 224 2292 XLI.
241 2230 327 2291 Tunc
344 2229 447 2301 duces,
466 2230 662 2309 principesque
674 2232 762 2293 Ner-¹

92 2311 228 2378 viarum,
252 2309 301 2387 qui
320 2308 444 2386 aliquem
463 2311 602 2371 sermonis
619 2311 726 2373 aditum
736 2317 761 2382 ','

94 2408 266 2467 causamque
280 2388 413 2448 amicitia·
427 2407 494 2449 curn
511 2387 653 2451 Cicerone
665 2390 756 2451 bebe-

94 2471 183 2538 bant,
206 2467 335 2545 colloqui
356 2483 415 2528 sese
438 2470 526 2529 velle·
541 2468 649 2531 dicunt.
667 2469 755 2533 Facta

93 2566 254 2626 potestate,
278 2547 407 2615 eadem,
431 2569 492 2625 quae
513 2548 673 2608 Ambiorix*
686 2558 755 2611 cum

94 2628 211 2687 Titurio
235 2633 350 2709 egerat,
372 2634 763 2690 commemorant-'sonam‘

95 2722 158 2766 esre
177 2705 207 2765 in
225 2704 311 2765 sirmis
330 2702 457 2767 Galliam
475 2730 485 2765 .·
506 2702 662 2766 Germanos
673 2706 759 2768 Rhe*

94 2790 160 2845 num
180 2782 347 2846 transisse:
371 2781 516 2856 Caesaris,
542 2782 759 2867 sessumque

595 2860 660 2943 orj
