2000 3542
131 329 775 451 nauemGrttrc-0L12.V11.⁴2sz

99 496 193 563 diem:
207 500 265 563 bne
277 512 381 565 omnes
391 502 520 580 equites,
538 526 560 569 x
570 531 594 572 v
608 514 701 579 millia
716 540 772 583 nu-
796 580 798 584 ,

99 581 347 649 mer0,celeriter
359 585 517 645 convenire
524 588 614 669 juber.
623 594 770 673 Pedicatu,

98 677 187 734 quem
206 676 273 720 ante
294 659 448 731 habuerit,
479 684 509 725 se
525 668 588 730 fore
599 692 768 741 contentum

96 736 188 809 dicit;
203 757 296 817 neque
308 740 454 825 fortunam
467 759 658 824 tentaturum,
673 777 767 835 neque

94 816 160 877 acie
174 816 398 881 dimicaturum:
417 820 483 890 sed,
496 828 634 901 quoniam
644 836 768 897 abundet

57 937 60 943 .
92 896 238 972 equitatu,
247 896 381 974 perfacile
395 920 456 959 esse
465 902 768 975 factmfmmentatio·

93 975 178 1034 nibus
197 977 481 1056 pabulationibusque
495 982 645 1051 Romanos
661 993 765 1069 prohi-

92 1054 178 1114 berer·
191 1075 272 1132 aequo
280 1055 370 1116 modo
381 1059 480 1121 animo
495 1083 544 1122 sua
555 1064 607 1143 ipsi
621 1070 764 1137 frumenta

89 1146 300 1211 corrumpant,
319 1135 492 1214 aediliciaque
514 1140 686 1221 incendant;
706 1174 763 1230 qua

90 1212 135 1271 rei
154 1211 302 1273 familiaris
323 1214 454 1292 jactura,
483 1238 653 1298 perpetuum
671 1230 763 1309 impe-

41 1345 47 1350 .
87 1290 167 1350 rium
188 1292 404 1371 libertatemque
424 1313 454 1354 se
477 1306 614 1379 consequi
636 1308 762 1375 videant.

90 1367 150 1429 His
166 1372 325 1431 constitutis
336 1376 417 1433 rebus
428 1412 438 1440 ‚
451 1372 565 1447 AEduis,
585 1382 761 1465 Segusiauis-

84 1468 166 1525 que,
187 1451 235 1528 qui
245 1468 310 1511 sunt
325 1450 440 1510 finitimi
453 1451 632 1531 Provinciae,
654 1486 674 1525 x
691 1470 761 1529 mil·

85 1527 128 1589 lia
146 1530 273 1605 pediturn
296 1531 419 1607 impetat
441 1550 451 1604 3
481 1532 538 1596 buc
559 1540 635 1602 addit
651 1548 759 1623 equites

87 1626 134 1667 oc
144 1629 161 1667 c
171 1631 209 1670 cs
222 1608 392 1688 hispraeficit
401 1608 518 1674 fratrem
532 1616 755 1708 Eporedorigis,

55 1702 59 1706 ·
85 1686 254 1767 bellumque
265 1689 368 1749 inferre
381 1689 588 1774 Allobrogibus
598 1699 685 1779 jubet.
699 1708 757 1769 Al·

83 1781 146 1826 tera
156 1775 298 1845 exparte,
310 1765 461 1836 Gabalos,
480 1776 685 1857 proximosque
703 1806 756 1861 pa·

80 1863 139 1925 gos
157 1844 376 1914 Arvernorum,
395 1848 425 1905 in
440 1846 579 1923 Helvios,
601 1857 671 1919 item
692 1862 755 1924 Ru·

75 1923 186 1985 thenos
208 1925 430 2002 Cadurcosque,
446 1928 481 1986 ad
500 1928 753 2011 fines-Volcarum

6 2012 10 2017 '
81 2002 324 2065 Arecomicorum
334 2004 570 2081 depopulandos,
583 2014 681 2080 mittit.
693 2017 752 2079 Ni-

80 2081 145 2142 hilo
160 2084 252 2144 minus
270 2083 449 2143 clandestinis
461 2088 573 2150 nunciis
592 2092 751 2177 legationi·

76 2163 187 2240 busque
216 2163 391 2245 Allobroges
420 2164 588 2239 sollicitat,
625 2196 749 2251 quorum

78 2261 190 2304 mentes
209 2242 338 2303 nondum
362 2262 379 2301 a
399 2245 545 2320 superiore
566 2249 644 2313 bello
670 2276 747 2318 rese-

5 2367 6 2371 ,
77 2320 151 2381 disse
167 2324 305 2399 sperabat.
316 2320 432 2380 Homm
442 2323 633 2403 principibus,
658 2355 750 2411 pecu·

76 2400 160 2470 nisse
172 2401 278 2461 civitati
287 2416 401 2468 autem,
417 2400 570 2479 imperium
582 2411 669 2473 totius
676 2436 747 2495 pro·

75 2479 179 2543 vinciae
196 2480 359 2555 pollicetur.
610 2506 612 2519 ³

117 2556 232 2619 LXV.·
248 2557 294 2617 Ar
319 2557 373 2617 hos
399 2576 500 2619 omnes
524 2582 603 2625 casus
628 2569 752 2647 provisa,

73 2657 157 2699 erant
173 2636 299 2714 praesidia
316 2634 482 2697 cohortium
508 2640 673 2711 duanrm'et
697 2652 744 2714 vi·

97 2718 167 2783 inti,
189 2738 249 2791 quae
269 2734 305 2774 ex
324 2714 383 2792 ipsa
401 2733 503 2779 coacta
516 2727 685 2799 provincia,
707 2733 743 2791 ab

72 2737 111 2860 l.
129 2794 241 2859 Caesare
256 2794 354 2876 legato
369 2794 405 2857 ad
422 2816 525 2861 omnes
539 2822 632 2947 partezs
644 2828 741 2897 'oppo-
799 2830 801 2833 ·

642 2907 662 2967 ¹1
