2000 3542
247 314 830 409 tete.t.cnsttrtc0nmnr.·

247 460 345 524 caetris
354 478 398 522 rrt
406 458 507 543 viguit
518 478 642 543 egressus
653 498 663 533 ,
676 460 849 540 eodemque
862 482 924 526 vc*

244 559 327 603 neret
339 542 441 603 itinere
458 541 649 603 Meledununr
664 542 803 619 pervenit.
824 541 858 601 Id
871 556 921 605 est

244 621 382 699 oppidum
400 616 687 691 Senonuminintulu
698 621 832 699 sequane
849 640 916 699 po-

245 701 332 761 situm
355 736 366 769 ‚
382 716 415 761 nt
429 696 520 779 paulo
535 718 601 761 ante
620 694 763 761 Lutetiam
773 698 917 764 diximus.

243 776 440 859 Deprehentis
450 778 569 841 navibus
584 778 695 840 circiter
712 801 748 847 t,
768 779 919 843 celeriter.

244 879 303 935 que
318 858 500 938 conjunctiu,
519 875 602 935 atque
613 878 650 918 eo
666 856 801 919 militibus
813 856 916 936 impo-

242 938 319 1007 sitis,
338 956 367 999 et
381 937 423 997 rei
432 935 561 997 novitate
574 936 728 1014 perterritis
739 936 913 1013 oppidanis,

161 1039 169 1064 t
241 1035 366 1093 quotum
382 1032 488 1097 magna
500 1034 563 1091 pars
581 1032 642 1077 erat
653 1014 689 1076 ud
707 1015 817 1076 bellum
837 1034 916 1077 evo-

242 1112 324 1164 cata,
337 1095 397 1156 tine
412 1094 598 1155 contentione
608 1094 714 1172 oppido
723 1094 847 1175 petitur:
860 1114 912 1155 τε·

159 1233 162 1237 .
240 1172 374 1251 sectoque
383 1191 490 1253 ponte,
517 1190 602 1253 quern
611 1174 798 1255 superioribus
808 1173 912 1236 diebus

241 1252 339 1314 hostes
349 1251 535 1321 resciderunt,
553 1252 710 1313 exercitum
729 1252 911 1323 transducit,
963 1326 966 1332 .

240 1349 271 1393 et
284 1333 410 1400 seeundo
418 1329 535 1393 flumine
547 1332 582 1393 ad
594 1329 739 1392 Lutetiam
748 1332 804 1391 iter
811 1332 910 1393 facere

239 1412 337 1489 toepie
355 1412 488 1483 Hostes,
509 1426 540 1471 re
565 1410 681 1490 cognita
703 1413 740 1471 ab
760 1410 794 1471 iit
818 1412 867 1487 qui
890 1432 909 1471 a

121 1542 125 1549 .
239 1486 909 1569 Melodunoprol'ugerant‚Lutetiamincendi‚

239 1570 463 1647 pentenqueeius
470 1567 566 1645 oppidi
577 1568 697 1629 rescindi
707 1567 908 1647 jubent3ipsi,

181 1700 183 1704 ,
239 1648 360 1725 μοῶεά
376 1646 500 1723 palude,
522 1646 553 1705 in
571 1648 595 1707 ri
614 1646 638 1707 is
650 1644 803 1725 Sequanae,
824 1666 841 1707 e
858 1667 910 1711 re·

239 1725 327 1867 gilone
338 1722 455 1787 Lutetiae
464 1760 475 1793 ‚
485 1742 586 1785 contra
595 1666 715 1786 {abiezri
727 1744 817 1789 cestra
829 1746 907 1787 cort·

279 1821 342 1866 unt.
417 1849 421 1855 .

278 1879 374 1945 LIX.
400 1880 468 1948 Jertt
486 1879 582 1943 Cenat
601 1902 617 1941 a
634 1874 782 1965 Gergouia
803 1882 909 1947 discet·

240 1962 307 2025 titse
322 1963 506 2024 audiebatur:
525 1962 583 2040 jann
598 1961 633 2022 dt
644 1958 910 2027 AEduorumdtfee-

240 2042 342 2112 tione,
358 2040 523 2102 etsectmdo
534 2038 640 2102 Galliae
660 2058 743 2102 motu
756 2062 908 2112 ,rumores

240 2119 448 2192 afferebantutt
461 2117 602 2195 Gallique
619 2119 648 2179 in
668 2121 908 2199 colloquiit,'in-

240 2199 394 2260 terclueum
400 2197 502 2257 itinere
510 2196 654 2279 effligere
663 2198 822 2270 cesarem,
834 2200 907 2261 ino-

239 2276 571 2357 piafruntenticoactunt
579 2316 589 2346 ‚
597 2278 626 2338 in
637 2276 820 2357 Provinciam
833 2300 907 2341 con·

239 2357 359 2419 tendisse
372 2354 593 2417 confirmabant.
616 2356 763 2420 Bellovaci
783 2375 905 2429 autent,

239 2436 399 2496 defectione
416 2433 575 2495 AEduorum
592 2436 707 2517 cognita
724 2478 734 2508 ,
767 2438 815 2515 qui
835 2456 906 2500 ante

239 2532 321 2575 etant
330 2534 382 2591 per
398 2534 429 2574 se
445 2513 593 2585 infideles,
605 2536 706 2577 manue
719 2536 837 2598 cogere,
858 2536 907 2577 at·
923 2579 925 2581 ,

279 2612 297 2653 e
312 2592 409 2670 aperte
418 2588 528 2654 bellurn
539 2614 639 2671 parare
655 2613 812 2675 creperum.
823 2594 910 2657 Turn-

283 2671 413 2743 bienm,
438 2689 515 2732 tunm
534 2692 630 2733 rerum
652 2674 910 2749 commutatione,

240 2750 653 2833 longealiudtibicapieudttm
668 2754 840 2823 consiliunt,
856 2757 920 2815 tut-'-
