<?xml version="1.0" encoding="UTF-8"?>
<!DOCTYPE html PUBLIC "-//W3C//DTD XHTML 1.0 Transitional//EN"
    "http://www.w3.org/TR/xhtml1/DTD/xhtml1-transitional.dtd">
<html xmlns="http://www.w3.org/1999/xhtml" xml:lang="en" lang="en">
 <head>
  <title>
</title>
<meta http-equiv="Content-Type" content="text/html;charset=utf-8" />
  <meta name='ocr-system' content='tesseract 3.04.00' />
  <meta name='ocr-capabilities' content='ocr_page ocr_carea ocr_par ocr_line ocrx_word'/>
</head>
<body>
  <div class='ocr_page' id='page_1' title='image "./cjuliicaesarisq01hirtgoog_0048.png"; bbox 0 0 2000 3542; ppageno 0'>
   <div class='ocr_carea' id='block_1_1' title="bbox 189 299 785 375">
    <p class='ocr_par' dir='ltr' id='par_1_1' title="bbox 189 299 785 375">
     <span class='ocr_line' id='line_1_1' title="bbox 189 299 785 375; baseline -0.002 -6"><span class='ocrx_word' id='word_1_1' title='bbox 189 306 373 369; x_wconf 70' lang='lat' dir='ltr'>belluno</span> <span class='ocrx_word' id='word_1_2' title='bbox 387 299 705 369; x_wconf 59' lang='lat' dir='ltr'>Gsutrcotusl.</span> <span class='ocrx_word' id='word_1_3' title='bbox 762 319 785 375; x_wconf 70' lang='lat'><em>9</em></span> 
     </span>
    </p>
   </div>
   <div class='ocr_carea' id='block_1_2' title="bbox 112 435 785 940">
    <p class='ocr_par' dir='ltr' id='par_1_2' title="bbox 112 435 785 612">
     <span class='ocr_line' id='line_1_2' title="bbox 115 435 785 536; baseline 0.009 -24"><span class='ocrx_word' id='word_1_4' title='bbox 115 447 269 536; x_wconf 75' lang='lat' dir='ltr'>Helvetios</span> <span class='ocrx_word' id='word_1_5' title='bbox 288 435 477 531; x_wconf 66' lang='lat' dir='ltr'>prohibeant}</span> <span class='ocrx_word' id='word_1_6' title='bbox 500 453 652 525; x_wconf 64' lang='lat' dir='ltr'>Helvetii,</span> <span class='ocrx_word' id='word_1_7' title='bbox 672 469 705 517; x_wconf 82' lang='lat' dir='ltr'>ut</span> <span class='ocrx_word' id='word_1_8' title='bbox 723 454 785 518; x_wconf 82' lang='lat' dir='ltr'>sine</span> 
     </span>
     <span class='ocr_line' id='line_1_3' title="bbox 112 530 581 612; baseline 0.006 -23"><span class='ocrx_word' id='word_1_9' title='bbox 112 530 262 592; x_wconf 79' lang='lat' dir='ltr'>maleficio</span> <span class='ocrx_word' id='word_1_10' title='bbox 273 552 303 592; x_wconf 91' lang='lat' dir='ltr'>et</span> <span class='ocrx_word' id='word_1_11' title='bbox 317 533 419 612; x_wconf 86' lang='lat' dir='ltr'>injuria</span> <span class='ocrx_word' id='word_1_12' title='bbox 428 549 581 594; x_wconf 85' lang='lat' dir='ltr'>transeant.</span> 
     </span>
    </p>

    <p class='ocr_par' dir='ltr' id='par_1_3' title="bbox 113 609 785 940">
     <span class='ocr_line' id='line_1_4' title="bbox 121 609 782 682; baseline 0.009 -13"><span class='ocrx_word' id='word_1_13' title='bbox 121 633 125 640; x_wconf 95' lang='lat'>·</span> <span class='ocrx_word' id='word_1_14' title='bbox 154 609 197 670; x_wconf 89' lang='lat' dir='ltr'>X.</span> <span class='ocrx_word' id='word_1_15' title='bbox 210 610 315 672; x_wconf 73' lang='lat' dir='ltr'>Cesa&#39;ri</span> <span class='ocrx_word' id='word_1_16' title='bbox 335 613 505 682; x_wconf 75' lang='lat' dir='ltr'>nunciatur,</span> <span class='ocrx_word' id='word_1_17' title='bbox 520 613 663 676; x_wconf 79' lang='lat' dir='ltr'>Helvetiis</span> <span class='ocrx_word' id='word_1_18' title='bbox 673 632 734 674; x_wconf 87' lang='lat' dir='ltr'>esse</span> <span class='ocrx_word' id='word_1_19' title='bbox 749 612 782 675; x_wconf 81' lang='lat' dir='ltr'>in</span> 
     </span>
     <span class='ocr_line' id='line_1_5' title="bbox 113 688 785 794; baseline 0.009 -47"><span class='ocrx_word' id='word_1_20' title='bbox 113 688 216 780; x_wconf 81' lang='lat' dir='ltr'>animo</span> <span class='ocrx_word' id='word_1_21' title='bbox 231 709 288 784; x_wconf 45' lang='lat' dir='ltr'>per·</span> <span class='ocrx_word' id='word_1_22' title='bbox 299 711 400 773; x_wconf 90' lang='lat' dir='ltr'>agrum</span> <span class='ocrx_word' id='word_1_23' title='bbox 412 691 609 769; x_wconf 82' lang='lat' dir='ltr'>Sequanorum</span> <span class='ocrx_word' id='word_1_24' title='bbox 629 710 659 753; x_wconf 89' lang='lat' dir='ltr'>et</span> <span class='ocrx_word' id='word_1_25' title='bbox 673 691 785 794; x_wconf 58' lang='lat' dir='ltr'>Eiuro:</span> 
     </span>
     <span class='ocr_line' id='line_1_6' title="bbox 113 770 782 940; baseline 0.003 -32"><span class='ocrx_word' id='word_1_26' title='bbox 113 780 180 908; x_wconf 69' lang='lat' dir='ltr'>{ll</span> <span class='ocrx_word' id='word_1_27' title='bbox 194 770 782 940; x_wconf 53' lang='lat' dir='ltr'>reuulllurnlultunl:</span> 
     </span>
    </p>
   </div>
   <div class='ocr_carea' id='block_1_3' title="bbox 44 926 824 2744">
    <p class='ocr_par' dir='ltr' id='par_1_4' title="bbox 44 926 824 2744">
     <span class='ocr_line' id='line_1_7' title="bbox 114 926 779 1004; baseline 0.005 -18"><span class='ocrx_word' id='word_1_28' title='bbox 114 943 178 1004; x_wconf 81' lang='lat' dir='ltr'>quae</span> <span class='ocrx_word' id='word_1_29' title='bbox 196 926 297 989; x_wconf 77' lang='lat' dir='ltr'>civitas</span> <span class='ocrx_word' id='word_1_30' title='bbox 313 939 356 988; x_wconf 75' lang='lat' dir='ltr'>est</span> <span class='ocrx_word' id='word_1_31' title='bbox 372 929 403 988; x_wconf 86' lang='lat' dir='ltr'>iit</span> <span class='ocrx_word' id='word_1_32' title='bbox 418 928 581 990; x_wconf 82' lang='lat' dir='ltr'>Provincia.</span> <span class='ocrx_word' id='word_1_33' title='bbox 592 929 624 989; x_wconf 81' lang='lat' dir='ltr'>ld</span> <span class='ocrx_word' id='word_1_34' title='bbox 642 928 779 999; x_wconf 71' lang='lat' dir='ltr'>sineret,</span> 
     </span>
     <span class='ocr_line' id='line_1_8' title="bbox 112 1005 824 1088; baseline 0.007 -23"><span class='ocrx_word' id='word_1_35' title='bbox 112 1005 294 1088; x_wconf 78' lang='lat' dir='ltr'>intelligebat</span> <span class='ocrx_word' id='word_1_36' title='bbox 305 1021 351 1069; x_wconf 88' lang='lat' dir='ltr'>rna</span> <span class='ocrx_word' id='word_1_37' title='bbox 394 1019 490 1072; x_wconf 79' lang='lat' dir='ltr'>ocum</span> <span class='ocrx_word' id='word_1_38' title='bbox 502 1008 659 1078; x_wconf 69' lang='lat' dir='ltr'>Provincia</span> <span class='ocrx_word' id='word_1_39' title='bbox 667 1008 783 1086; x_wconf 57' lang='lat' dir='ltr'>pericle</span> <span class='ocrx_word' id='word_1_40' title='bbox 818 1021 824 1029; x_wconf 86' lang='lat'>·</span> 
     </span>
     <span class='ocr_line' id='line_1_9' title="bbox 113 1084 782 1165; baseline 0.003 -20"><span class='ocrx_word' id='word_1_41' title='bbox 113 1084 284 1146; x_wconf 81' lang='lat' dir='ltr'>lofuturum</span> <span class='ocrx_word' id='word_1_42' title='bbox 294 1125 304 1156; x_wconf 95' lang='lat'>,</span> <span class='ocrx_word' id='word_1_43' title='bbox 314 1105 347 1148; x_wconf 89' lang='lat' dir='ltr'>ut</span> <span class='ocrx_word' id='word_1_44' title='bbox 378 1087 489 1149; x_wconf 73' lang='lat' dir='ltr'>omines</span> <span class='ocrx_word' id='word_1_45' title='bbox 501 1087 673 1157; x_wconf 78' lang='lat' dir='ltr'>bellicosos,</span> <span class='ocrx_word' id='word_1_46' title='bbox 683 1097 782 1165; x_wconf 80' lang='lat' dir='ltr'>popu-</span> 
     </span>
     <span class='ocr_line' id='line_1_10' title="bbox 113 1163 781 1244; baseline 0.003 -20"><span class='ocrx_word' id='word_1_47' title='bbox 113 1163 274 1225; x_wconf 85' lang='lat' dir='ltr'>liRomani</span> <span class='ocrx_word' id='word_1_48' title='bbox 289 1166 440 1236; x_wconf 89' lang='lat' dir='ltr'>inimicos,</span> <span class='ocrx_word' id='word_1_49' title='bbox 462 1167 536 1227; x_wconf 86' lang='lat' dir='ltr'>locis</span> <span class='ocrx_word' id='word_1_50' title='bbox 545 1167 704 1244; x_wconf 85' lang='lat' dir='ltr'>patentibus</span> <span class='ocrx_word' id='word_1_51' title='bbox 714 1177 781 1226; x_wconf 78' lang='lat' dir='ltr'>rba-</span> 
     </span>
     <span class='ocr_line' id='line_1_11' title="bbox 44 1243 780 1322; baseline 0.01 -23"><span class='ocrx_word' id='word_1_52' title='bbox 44 1286 47 1298; x_wconf 71' lang='grc'><strong><em>,</em></strong></span> <span class='ocrx_word' id='word_1_53' title='bbox 112 1245 250 1322; x_wconf 77' lang='lat' dir='ltr'>ximeque</span> <span class='ocrx_word' id='word_1_54' title='bbox 276 1244 466 1307; x_wconf 83' lang='lat' dir='ltr'>frumentariis</span> <span class='ocrx_word' id='word_1_55' title='bbox 488 1244 628 1306; x_wconf 81' lang='lat' dir='ltr'>finitimos</span> <span class='ocrx_word' id='word_1_56' title='bbox 651 1243 780 1306; x_wconf 63' lang='lat' dir='ltr'>habaet.</span> 
     </span>
     <span class='ocr_line' id='line_1_12' title="bbox 114 1322 780 1401; baseline 0 -17"><span class='ocrx_word' id='word_1_57' title='bbox 114 1322 166 1384; x_wconf 92' lang='lat' dir='ltr'>Ob</span> <span class='ocrx_word' id='word_1_58' title='bbox 183 1343 231 1384; x_wconf 92' lang='lat' dir='ltr'>eas</span> <span class='ocrx_word' id='word_1_59' title='bbox 248 1326 388 1386; x_wconf 80' lang='lat' dir='ltr'>caucasei</span> <span class='ocrx_word' id='word_1_60' title='bbox 404 1324 581 1393; x_wconf 87' lang='lat' dir='ltr'>munitioni,</span> <span class='ocrx_word' id='word_1_61' title='bbox 600 1345 687 1401; x_wconf 87' lang='lat' dir='ltr'>quam</span> <span class='ocrx_word' id='word_1_62' title='bbox 702 1324 780 1386; x_wconf 82' lang='lat' dir='ltr'>fece·-</span> 
     </span>
     <span class='ocr_line' id='line_1_13' title="bbox 113 1401 780 1486; baseline 0 -24"><span class='ocrx_word' id='word_1_63' title='bbox 113 1420 176 1470; x_wconf 86' lang='lat' dir='ltr'>rat,</span> <span class='ocrx_word' id='word_1_64' title='bbox 191 1401 231 1462; x_wconf 62' lang='lat' dir='ltr'>&#39;l&#39;s</span> <span class='ocrx_word' id='word_1_65' title='bbox 243 1401 402 1466; x_wconf 86' lang='lat' dir='ltr'>Labienum</span> <span class='ocrx_word' id='word_1_66' title='bbox 420 1404 548 1486; x_wconf 81' lang='lat' dir='ltr'>legatum</span> <span class='ocrx_word' id='word_1_67' title='bbox 564 1403 707 1483; x_wconf 63' lang='lat' dir='ltr'>pressure</span> <span class='ocrx_word' id='word_1_68' title='bbox 717 1405 780 1482; x_wconf 86' lang='lat' dir='ltr'>ipse</span> 
     </span>
     <span class='ocr_line' id='line_1_14' title="bbox 113 1481 778 1566; baseline 0.002 -24"><span class='ocrx_word' id='word_1_69' title='bbox 113 1481 146 1542; x_wconf 90' lang='lat' dir='ltr'>in</span> <span class='ocrx_word' id='word_1_70' title='bbox 167 1481 281 1542; x_wconf 85' lang='lat' dir='ltr'>Italiam</span> <span class='ocrx_word' id='word_1_71' title='bbox 303 1483 415 1566; x_wconf 86' lang='lat' dir='ltr'>magnis</span> <span class='ocrx_word' id='word_1_72' title='bbox 439 1483 586 1545; x_wconf 69' lang='lat' dir='ltr'>itineribus</span> <span class='ocrx_word' id='word_1_73' title='bbox 610 1483 778 1556; x_wconf 77' lang='lat' dir='ltr'>contendit,</span> 
     </span>
     <span class='ocr_line' id='line_1_15' title="bbox 115 1561 777 1646; baseline 0.003 -26"><span class='ocrx_word' id='word_1_74' title='bbox 115 1561 238 1638; x_wconf 78' lang='lat' dir='ltr'>duasque</span> <span class='ocrx_word' id='word_1_75' title='bbox 255 1562 295 1622; x_wconf 75' lang='lat' dir='ltr'>ibi</span> <span class='ocrx_word' id='word_1_76' title='bbox 315 1563 444 1646; x_wconf 81' lang='lat' dir='ltr'>legiones</span> <span class='ocrx_word' id='word_1_77' title='bbox 458 1562 633 1636; x_wconf 75' lang='lat' dir='ltr'>conscnbit3</span> <span class='ocrx_word' id='word_1_78' title='bbox 651 1581 681 1624; x_wconf 91' lang='lat' dir='ltr'>et</span> <span class='ocrx_word' id='word_1_79' title='bbox 700 1579 777 1633; x_wconf 82' lang='lat' dir='ltr'>tres,</span> 
     </span>
     <span class='ocr_line' id='line_1_16' title="bbox 115 1640 779 1720; baseline 0.003 -20"><span class='ocrx_word' id='word_1_80' title='bbox 115 1651 177 1717; x_wconf 77' lang='lat' dir='ltr'>quae</span> <span class='ocrx_word' id='word_1_81' title='bbox 189 1641 297 1701; x_wconf 86' lang='lat' dir='ltr'>circum</span> <span class='ocrx_word' id='word_1_82' title='bbox 315 1640 480 1720; x_wconf 73' lang='lat' dir='ltr'>Aquileiam</span> <span class='ocrx_word' id='word_1_83' title='bbox 489 1640 669 1711; x_wconf 71' lang='lat' dir='ltr'>incitabant,</span> <span class='ocrx_word' id='word_1_84' title='bbox 682 1656 720 1702; x_wconf 82' lang='lat' dir='ltr'>er</span> <span class='ocrx_word' id='word_1_85' title='bbox 729 1640 779 1702; x_wconf 87' lang='lat' dir='ltr'>bi·</span> 
     </span>
     <span class='ocr_line' id='line_1_17' title="bbox 114 1717 779 1800; baseline 0.002 -20"><span class='ocrx_word' id='word_1_86' title='bbox 114 1720 209 1780; x_wconf 82' lang='lat' dir='ltr'>bernis</span> <span class='ocrx_word' id='word_1_87' title='bbox 228 1718 322 1780; x_wconf 88' lang='lat' dir='ltr'>educit</span> <span class='ocrx_word' id='word_1_88' title='bbox 330 1739 344 1800; x_wconf 40' lang='lat' dir='ltr'>‚s</span> <span class='ocrx_word' id='word_1_89' title='bbox 362 1739 392 1781; x_wconf 89' lang='lat' dir='ltr'>et</span> <span class='ocrx_word' id='word_1_90' title='bbox 403 1761 412 1790; x_wconf 86' lang='lat'>‚</span> <span class='ocrx_word' id='word_1_91' title='bbox 422 1717 480 1798; x_wconf 82' lang='lat' dir='ltr'>&#39;qua</span> <span class='ocrx_word' id='word_1_92' title='bbox 496 1721 663 1800; x_wconf 71' lang='lat' dir='ltr'>proximum</span> <span class='ocrx_word' id='word_1_93' title='bbox 679 1719 733 1782; x_wconf 88' lang='lat' dir='ltr'>iter</span> <span class='ocrx_word' id='word_1_94' title='bbox 746 1721 779 1781; x_wconf 92' lang='lat' dir='ltr'>in</span> 
     </span>
     <span class='ocr_line' id='line_1_18' title="bbox 114 1797 776 1880; baseline 0 -20"><span class='ocrx_word' id='word_1_95' title='bbox 114 1799 282 1860; x_wconf 79' lang='lat' dir='ltr'>ulteriorem</span> <span class='ocrx_word' id='word_1_96' title='bbox 299 1797 428 1861; x_wconf 85' lang='lat' dir='ltr'>Galliam</span> <span class='ocrx_word' id='word_1_97' title='bbox 442 1819 492 1878; x_wconf 86' lang='lat' dir='ltr'>per</span> <span class='ocrx_word' id='word_1_98' title='bbox 505 1800 594 1880; x_wconf 81' lang='lat' dir='ltr'>Alpes</span> <span class='ocrx_word' id='word_1_99' title='bbox 612 1819 689 1868; x_wconf 83' lang='lat' dir='ltr'>erat,</span> <span class='ocrx_word' id='word_1_100' title='bbox 708 1821 776 1860; x_wconf 87' lang='lat' dir='ltr'>cum</span> 
     </span>
     <span class='ocr_line' id='line_1_19' title="bbox 112 1876 778 1960; baseline 0 -22"><span class='ocrx_word' id='word_1_101' title='bbox 112 1876 158 1938; x_wconf 85' lang='lat' dir='ltr'>his</span> <span class='ocrx_word' id='word_1_102' title='bbox 174 1878 298 1955; x_wconf 81' lang='lat' dir='ltr'>quinque</span> <span class='ocrx_word' id='word_1_103' title='bbox 319 1878 478 1960; x_wconf 85' lang='lat' dir='ltr'>legionibus</span> <span class='ocrx_word' id='word_1_104' title='bbox 497 1879 540 1939; x_wconf 90' lang='lat' dir='ltr'>ire</span> <span class='ocrx_word' id='word_1_105' title='bbox 555 1878 713 1939; x_wconf 83' lang='lat' dir='ltr'>contendit.</span> <span class='ocrx_word' id='word_1_106' title='bbox 734 1878 778 1938; x_wconf 87' lang='lat' dir='ltr'>lbi</span> 
     </span>
     <span class='ocr_line' id='line_1_20' title="bbox 113 1955 776 2037; baseline -0.005 -19"><span class='ocrx_word' id='word_1_107' title='bbox 113 1955 295 2024; x_wconf 86' lang='lat' dir='ltr'>Centtones,</span> <span class='ocrx_word' id='word_1_108' title='bbox 316 1975 345 2018; x_wconf 93' lang='lat' dir='ltr'>et</span> <span class='ocrx_word' id='word_1_109' title='bbox 362 1956 534 2028; x_wconf 84' lang='lat' dir='ltr'>Graioceli,</span> <span class='ocrx_word' id='word_1_110' title='bbox 556 1975 587 2018; x_wconf 82' lang='lat' dir='ltr'>tt</span> <span class='ocrx_word' id='word_1_111' title='bbox 605 1955 776 2037; x_wconf 82' lang='lat' dir='ltr'>Caturiges,</span> 
     </span>
     <span class='ocr_line' id='line_1_21' title="bbox 113 2035 778 2114; baseline -0.005 -16"><span class='ocrx_word' id='word_1_112' title='bbox 113 2036 188 2098; x_wconf 87' lang='lat' dir='ltr'>locis</span> <span class='ocrx_word' id='word_1_113' title='bbox 206 2036 397 2114; x_wconf 84' lang='lat' dir='ltr'>superioribus</span> <span class='ocrx_word' id='word_1_114' title='bbox 408 2037 569 2114; x_wconf 87' lang='lat' dir='ltr'>occupatis,</span> <span class='ocrx_word' id='word_1_115' title='bbox 583 2035 682 2096; x_wconf 87' lang='lat' dir='ltr'>itinere</span> <span class='ocrx_word' id='word_1_116' title='bbox 694 2055 778 2095; x_wconf 66' lang='lat' dir='ltr'>cuerb</span> 
     </span>
     <span class='ocr_line' id='line_1_22' title="bbox 113 2111 778 2192; baseline -0.003 -15"><span class='ocrx_word' id='word_1_117' title='bbox 113 2114 203 2177; x_wconf 91' lang='lat' dir='ltr'>citum</span> <span class='ocrx_word' id='word_1_118' title='bbox 214 2111 364 2192; x_wconf 83' lang='lat' dir='ltr'>prohibere</span> <span class='ocrx_word' id='word_1_119' title='bbox 370 2114 724 2192; x_wconf 84' lang='lat' dir='ltr'>conantur.Complutibus</span> <span class='ocrx_word' id='word_1_120' title='bbox 733 2113 778 2175; x_wconf 88' lang='lat' dir='ltr'>his</span> 
     </span>
     <span class='ocr_line' id='line_1_23' title="bbox 110 2193 777 2274; baseline -0.001 -19"><span class='ocrx_word' id='word_1_121' title='bbox 110 2194 219 2274; x_wconf 84' lang='lat' dir='ltr'>proeliis</span> <span class='ocrx_word' id='word_1_122' title='bbox 228 2193 332 2272; x_wconf 87' lang='lat' dir='ltr'>pulsis,</span> <span class='ocrx_word' id='word_1_123' title='bbox 346 2196 381 2256; x_wconf 85' lang='lat' dir='ltr'>ab</span> <span class='ocrx_word' id='word_1_124' title='bbox 391 2194 506 2262; x_wconf 89' lang='lat' dir='ltr'>Ocelo,</span> <span class='ocrx_word' id='word_1_125' title='bbox 516 2194 594 2271; x_wconf 84' lang='lat' dir='ltr'>quod</span> <span class='ocrx_word' id='word_1_126' title='bbox 606 2211 648 2253; x_wconf 91' lang='lat' dir='ltr'>est</span> <span class='ocrx_word' id='word_1_127' title='bbox 661 2193 777 2254; x_wconf 87' lang='lat' dir='ltr'>citerio-</span> 
     </span>
     <span class='ocr_line' id='line_1_24' title="bbox 111 2271 778 2341; baseline -0.007 -5"><span class='ocrx_word' id='word_1_128' title='bbox 111 2275 151 2336; x_wconf 84' lang='lat' dir='ltr'>ris</span> <span class='ocrx_word' id='word_1_129' title='bbox 162 2273 320 2334; x_wconf 79' lang='lat' dir='ltr'>Provinciae</span> <span class='ocrx_word' id='word_1_130' title='bbox 330 2289 511 2341; x_wconf 80' lang='lat' dir='ltr'>extremum,</span> <span class='ocrx_word' id='word_1_131' title='bbox 528 2271 558 2331; x_wconf 95' lang='lat' dir='ltr'>in</span> <span class='ocrx_word' id='word_1_132' title='bbox 572 2272 643 2332; x_wconf 84' lang='lat' dir='ltr'>fines</span> <span class='ocrx_word' id='word_1_133' title='bbox 653 2271 778 2333; x_wconf 82' lang='lat' dir='ltr'>Vocon·</span> 
     </span>
     <span class='ocr_line' id='line_1_25' title="bbox 109 2350 775 2429; baseline -0.005 -13"><span class='ocrx_word' id='word_1_134' title='bbox 109 2354 220 2416; x_wconf 76' lang='lat' dir='ltr'>tionum</span> <span class='ocrx_word' id='word_1_135' title='bbox 246 2351 387 2413; x_wconf 85' lang='lat' dir='ltr'>ulterioris</span> <span class='ocrx_word' id='word_1_136' title='bbox 409 2351 568 2411; x_wconf 73' lang='lat' dir='ltr'>Provinciae</span> <span class='ocrx_word' id='word_1_137' title='bbox 586 2350 630 2411; x_wconf 79' lang='lat' dir='ltr'>tlte</span> <span class='ocrx_word' id='word_1_138' title='bbox 652 2351 775 2429; x_wconf 88' lang='lat' dir='ltr'>septimo</span> 
     </span>
     <span class='ocr_line' id='line_1_26' title="bbox 110 2429 775 2513; baseline 0 -21"><span class='ocrx_word' id='word_1_139' title='bbox 110 2431 266 2513; x_wconf 77' lang='lat' dir='ltr'>pervenite</span> <span class='ocrx_word' id='word_1_140' title='bbox 287 2430 352 2492; x_wconf 87' lang='lat' dir='ltr'>inde</span> <span class='ocrx_word' id='word_1_141' title='bbox 366 2431 395 2490; x_wconf 93' lang='lat' dir='ltr'>in</span> <span class='ocrx_word' id='word_1_142' title='bbox 414 2429 607 2512; x_wconf 79' lang='lat' dir='ltr'>Allobrogum</span> <span class='ocrx_word' id='word_1_143' title='bbox 627 2429 719 2502; x_wconf 69' lang='lat' dir='ltr'>finesr</span> <span class='ocrx_word' id='word_1_144' title='bbox 738 2433 775 2492; x_wconf 81' lang='lat' dir='ltr'>ab</span> 
     </span>
     <span class='ocr_line' id='line_1_27' title="bbox 112 2509 776 2592; baseline -0.003 -18"><span class='ocrx_word' id='word_1_145' title='bbox 112 2509 319 2592; x_wconf 77' lang='lat' dir='ltr'>Allobrogibus</span> <span class='ocrx_word' id='word_1_146' title='bbox 330 2509 360 2570; x_wconf 90' lang='lat' dir='ltr'>in</span> <span class='ocrx_word' id='word_1_147' title='bbox 373 2509 542 2591; x_wconf 83' lang='lat' dir='ltr'>Segusiauos</span> <span class='ocrx_word' id='word_1_148' title='bbox 550 2510 709 2570; x_wconf 85' lang='lat' dir='ltr'>exercitum</span> <span class='ocrx_word' id='word_1_149' title='bbox 724 2509 776 2572; x_wconf 76' lang='lat' dir='ltr'>du·</span> 
     </span>
     <span class='ocr_line' id='line_1_28' title="bbox 113 2587 775 2654; baseline -0.009 0"><span class='ocrx_word' id='word_1_150' title='bbox 113 2591 155 2654; x_wconf 85' lang='lat' dir='ltr'>cit</span> <span class='ocrx_word' id='word_1_151' title='bbox 164 2614 173 2650; x_wconf 92' lang='lat'><strong>:</strong></span> <span class='ocrx_word' id='word_1_152' title='bbox 182 2587 211 2648; x_wconf 91' lang='lat' dir='ltr'>hi</span> <span class='ocrx_word' id='word_1_153' title='bbox 222 2607 285 2649; x_wconf 89' lang='lat' dir='ltr'>sunt</span> <span class='ocrx_word' id='word_1_154' title='bbox 294 2605 373 2653; x_wconf 87' lang='lat' dir='ltr'>extra</span> <span class='ocrx_word' id='word_1_155' title='bbox 381 2589 564 2652; x_wconf 84' lang='lat' dir='ltr'>Provinciam</span> <span class='ocrx_word' id='word_1_156' title='bbox 574 2607 649 2650; x_wconf 84' lang='lat' dir='ltr'>trans</span> <span class='ocrx_word' id='word_1_157' title='bbox 655 2588 775 2651; x_wconf 83' lang='lat' dir='ltr'>thoda·</span> 
     </span>
     <span class='ocr_line' id='line_1_29' title="bbox 113 2667 681 2744; baseline 0 -16"><span class='ocrx_word' id='word_1_158' title='bbox 113 2693 184 2734; x_wconf 84' lang='lat' dir='ltr'>num</span> <span class='ocrx_word' id='word_1_159' title='bbox 191 2667 287 2744; x_wconf 84' lang='lat' dir='ltr'>primi.</span> <span class='ocrx_word' id='word_1_160' title='bbox 678 2702 681 2709; x_wconf 24' lang='grc' dir='ltr'><strong>Α</strong></span> 
     </span>
    </p>
   </div>
   <div class='ocr_carea' id='block_1_4' title="bbox 50 2747 777 2834">
    <p class='ocr_par' dir='ltr' id='par_1_5' title="bbox 50 2747 777 2834">
     <span class='ocr_line' id='line_1_30' title="bbox 50 2747 777 2834; baseline -0.007 -20"><span class='ocrx_word' id='word_1_161' title='bbox 50 2807 53 2814; x_wconf 91' lang='grc'>.</span> <span class='ocrx_word' id='word_1_162' title='bbox 151 2749 216 2814; x_wconf 89' lang='lat' dir='ltr'>Xl.</span> <span class='ocrx_word' id='word_1_163' title='bbox 229 2747 424 2828; x_wconf 78' lang='lat' dir='ltr'>Helvetiijan</span> <span class='ocrx_word' id='word_1_164' title='bbox 434 2767 487 2830; x_wconf 83' lang='lat' dir='ltr'>per</span> <span class='ocrx_word' id='word_1_165' title='bbox 496 2747 777 2834; x_wconf 62' lang='lat' dir='ltr'>augustimum</span> 
     </span>
    </p>
   </div>
   <div class='ocr_carea' id='block_1_5' title="bbox 0 0 1004 3542">
    <p class='ocr_par' dir='ltr' id='par_1_6' title="bbox 0 0 1004 3542">
     <span class='ocr_line' id='line_1_31' title="bbox 0 0 1004 3542; baseline 0 0"><span class='ocrx_word' id='word_1_166' title='bbox 0 0 1004 3542; x_wconf 95' lang='lat' dir='ltr'> </span> 
     </span>
    </p>
   </div>
  </div>
 </body>
</html>
