2000 3542
244 320 827 420 3060·J.cssrrrsco'nnsr,;
855 353 886 371 ·.

241 480 479 556 tentetimpetum
488 480 905 554 sustinentinsidiatorummie-

241 578 298 639 que
313 560 407 637 plures
427 558 456 618 in
480 578 571 619 unum
586 561 683 621 lucum
701 562 905 623 conveniunta

240 639 317 719 quod
337 637 504 715 plerumque
523 639 695 717 equestribus
713 641 817 717 proeliis
835 662 904 703 cunr

240 736 357 799 propter
365 718 632 795 aliquemtimorem
642 718 743 779 accidit
760 738 821 781 tum
827 721 905 781 mul⁴

241 797 503 875 titudincipsorum
523 796 725 858 detrimentum
739 800 883 877 accipitur.

281 876 383 939 XIX.
396 876 491 945 Cum,
503 876 640 954 dispositis
649 878 765 947 turmis,
776 879 902 939 invicem

240 957 296 1016 rari
307 956 523 1047 proeiiarcntur3
543 975 636 1034 neque
646 958 681 1017 ab
699 957 831 1018 lateribus
848 957 906 1018 cir‘

240 1035 400 1097 'cumvenrri
414 1055 480 1095 suos
490 1052 651 1112 paterentur
664 1058 673 1096 t
686 1054 839 1115 enrmptmt
856 1056 904 1098 ces

241 1114 313 1185 teri,
327 1113 352 1174 C
355 1134 439 1174 orreo
447 1116 595 1193 proeliante
605 1132 659 1182 ,ex
678 1116 764 1177 silvis.
777 1114 825 1175 Fit
835 1137 903 1177 ma-

239 1215 295 1277 gna
306 1194 643 1256 contentionediuersum
653 1196 807 1273 proeliumt
826 1195 905 1272 quod

240 1294 309 1335 cum
326 1273 429 1334 diutius
444 1274 506 1352 pari
523 1290 613 1334 marte
626 1273 743 1335 iniretur
768 1296 778 1347 ;
799 1276 903 1352 paula·-

240 1354 293 1416 tim
309 1372 346 1412 ex
363 1353 439 1413 silvis
459 1354 594 1413 instructa
610 1354 763 1413 multitudo
774 1354 907 1431 procedit

238 1432 387 1513 peditum,
409 1453 470 1514 quae
486 1450 599 1492 nostros
615 1434 694 1513 cogit
706 1434 804 1493 cedere
820 1434 904 1510 equi-

239 1532 298 1573 tes:
316 1511 416 1589 quibus
437 1511 567 1572 celeriter
585 1512 753 1573 subveniunt
769 1511 840 1573 levis
859 1534 907 1571 ara

238 1608 355 1653 mature
366 1590 493 1667 pedites,
520 1611 592 1665 quos
607 1610 672 1652 ante
687 1592 817 1672 legiones
832 1593 904 1651 mis·
978 1616 979 1631 ¹

237 1688 285 1731 sos
301 1668 404 1741 docui;
424 1668 578 1745 turmisque
594 1688 758 1731 nostrorum
769 1671 903 1748 interpo-

237 1749 304 1817 siti,
323 1766 485 1809 constanter
496 1750 672 1825 prneliantur.
688 1750 832 1831 Pugnatur
846 1752 903 1812 aii·

236 1826 361 1908 quandiu
390 1830 452 1907 pari
471 1829 655 1891 contentione
677 1848 686 1889 t
709 1829 837 1898 deinde,
867 1846 904 1893 ut

237 1909 310 1969 ratio
327 1910 487 1985 postulabat
504 1908 623 1986 proelii,
644 1908 692 1987 qui
711 1908 904 1971 sustinuerant
978 1922 979 1929 ’

236 1988 343 2066 primos
351 1986 472 2065 impetus
481 1986 645 2050 insidiarum
657 2030 667 2059 ‚
683 1984 740 2047 hoc
753 1989 816 2065 ipso
825 1988 903 2051 fiunt

235 2065 411 2146 superiores,
431 2065 507 2143 quod
525 2067 637 2127 nullum
651 2069 687 2127 ab
705 2067 903 2131 insidiantibus

232 2150 275 2209 im
295 2144 424 2207 rudentes
435 2163 602 2223 acceperant
612 2144 824 2209 detrimentum.
835 2146 902 2207 Ac-
978 2214 979 2223 χ

229 2168 337 2287 'cerium
345 2223 461 2301 propius
471 2224 903 2307 inrerimlegiones;crebrique

231 2304 337 2366 eodem
348 2319 518 2382 temporeet
535 2305 636 2365 nostris
647 2303 902 2366 'ethostibusmm-

233 2384 271 2443 cii
286 2382 437 2445 afferuntur
447 2422 457 2454 ,
469 2384 678 2462 imperatorem
688 2384 827 2443 instructis
840 2406 916 2455 coa,

230 2457 235 2467 '
255 2461 286 2521 'is
300 2462 406 2525 adesse.
424 2460 534 2540 Quare
549 2462 686 2545 cognita,
699 2462 825 2541 praesidio
843 2484 901 2525 co·

198 2589 201 2594 .
229 2483 356 2602 iiortium
368 2540 467 2602 confisi
476 2542 587 2611 nostri,
603 2542 739 2604 acerrime
752 2543 898 2621 proelian-

226 2619 363 2702 iurene,
381 2619 405 2681 si
419 2620 522 2683 tardius
532 2640 594 2683 rem
610 2621 776 2704 gessissent,
796 2622 898 2685 uicto-

220 2701 273 2783 ¹riae
288 2699 413 2783 'gloriam
430 2701 655 2762 communicasse
672 2722 740 2762 cum
758 2702 897 2782 legioni·

226 2780 277 2845 bus
288 2778 460 2873 viderentur.
473 2778 581 2848 Hostes
595 2780 749 2850 concidunt
762 2782 895 2855 anuniss
