2000 3542
179 317 718 388 nabartoGanttcoLu.IL
749 341 784 398 ts

114 467 191 546 apud
210 491 262 532 eos
278 469 364 532 suine
381 490 481 550 mem
500 486 599 531 nostra
613 470 703 532 etiam
720 493 786 533 me-

112 550 212 640 nsoria
227 547 408 641 Divitiacum
421 550 511 612 tonus
520 547 785 642 <aniz-ponentis·

111 649 221 689 sunum
239 649 251 701 ς
270 649 321 706 qur
343 647 411 690 curn
569 647 657 706 petru

111 707 288 788 regionum,
305 725 370 768 tuna
385 705 474 768 etiam
484 647 642 768 ffinniae
656 747 669 777 ,
685 709 782 786 impe·

110 787 189 846 rium
208 787 390 848 obtinuerit:
410 805 488 847 nunc
505 805 566 846 esse
584 807 684 869 regern
702 788 782 848 Gal·

109 864 249 935 bamtad
266 863 361 932 bunc,
380 865 782 944 nopoerjusdtianpnnen

108 959 263 1086 eatur
276 944 780 1101 &aaa

108 1119 164 1169 ιιι,
172 1139 184 1170 ,
202 1101 335 1178 polliceri
349 1101 443 1164 millia
459 1120 569 1164 arenata
585 1103 778 1185 quinquagin-

107 1196 137 1242 η
160 1205 169 1240 s
191 1181 312 1242 totidem
337 1179 484 1251 Nervios,
503 1181 554 1256 qui
576 1184 705 1244 maxime
723 1183 777 1247 feri

106 1259 184 1320 inter
201 1260 277 1338 ipsos
294 1259 471 1329 habeantur,
487 1260 710 1340 longissimeque
726 1263 779 1322 ab·
907 1345 913 1358 ·

106 1340 189 1402 sint:
208 1359 254 1400 xv
274 1339 367 1400 millia
382 1339 559 1400 Atrebates:
576 1339 737 1400 Ambianos
753 1361 776 1404 x

103 1418 223 1480 millias
241 1417 373 1480 Morinos
389 1437 470 1478 xxv
486 1416 582 1478 millia
597 1441 607 1480 s
623 1419 776 1497 Menapios

106 1516 152 1560 rx
168 1497 262 1558 millia
281 1496 423 1558 :Caletes
438 1517 458 1558 x
472 1497 591 1560 milliar
607 1497 776 1560 velocasses

105 1575 367 1640 etVerotnanduos
382 1575 683 1640 totidemsrltuatieos
692 1597 774 1640 κιαι

105 1655 202 1720 millia
220 1679 229 1716 a
246 1653 430 1725 Condrusos,
443 1655 609 1724 Eburones,
622 1656 772 1728 Caeraesos,

106 1735 275 1802 Paemanos,
292 1735 340 1812 qui
354 1755 414 1796 uno
428 1735 549 1798 nomine
563 1733 705 1798 Germani
720 1758 773 1815 ap·

84 1859 88 1866 .
104 1815 270 1894 pellantur,
289 1813 416 1876 arbitrari
431 1815 467 1874 ad
483 1835 524 1876 xa
539 1815 643 1878 millia.

144 1893 187 1956 V.
205 1892 299 1954 Cesar
315 1893 444 1955 Rhemos
462 1892 646 1961 cohortatus,
663 1893 771 1956 libera·

102 1973 226 2052 literque
243 1971 374 2034 oratione
389 1990 576 2050 prosecutus,
593 1991 712 2038 omnem
727 1993 772 2033 se-

105 2065 207 2114 natum
230 2051 265 2112 ad
290 2071 321 2112 se
345 2051 525 2121 convenire,
553 2050 772 2131 principumque

1 2185 4 2194 .
102 2132 210 2194 liberos
232 2129 341 2192 obsides
360 2131 395 2192 ad
414 2151 444 2192 sc
467 2130 578 2193 adduci
589 2131 690 2211 jussits
707 2154 771 2210 quar

103 2210 204 2274 omnia
226 2212 265 2270 ab
289 2210 332 2270 his
353 2210 504 2292 diligenter
527 2212 564 2272 ad
590 2211 667 2273 diem
691 2212 770 2274 facta

102 2310 180 2352 sunt.
191 2289 255 2368 lpse
264 2289 444 2352 Divitiacum
454 2288 580 2352 AEduuur
591 2311 768 2382 magnopere
865 2347 872 2354 .

100 2367 288 2437 cohortatus,
305 2367 389 2430 docet
404 2387 579 2446 quantopere
595 2371 767 2447 Reipublicae

100 2449 320 2526 communisque
331 2448 427 2510 salutis
438 2448 566 2518 intersit,
586 2470 686 2511 manus
698 2449 768 2510 hot·

100 2528 176 2592 tium
194 2527 337 2598 distineri,
355 2547 391 2590 ne
407 2549 474 2590 cum
489 2545 568 2588 tanta
583 2530 766 2593 multitudine

100 2629 162 2669 uno
186 2624 316 2686 ternpore
341 2604 554 2689 confligendum
576 2606 623 2676 sit.
648 2609 679 2669 ld
702 2609 767 2672 fieri

99 2705 204 2765 posse,
224 2687 245 2746 si
266 2708 328 2748 suas
344 2687 442 2766 copias
457 2685 542 2750 AEdui
557 2689 590 2749 in
605 2687 677 2750 fines
693 2690 767 2751 aeta

98 2767 270 2830 levaturum
281 2765 509 2838 introduxerint,
523 2784 554 2831 et
565 2789 668 2906 egnum
679 2789 764 2852 agros

613 2868 644 2910 tv
