2000 3542
252 357 290 412 50
330 331 823 400 CalCnsnarsCouururt
860 417 863 420 ἦ

248 487 290 530 set
311 468 345 530 P.
365 467 480 531 Crassus
497 467 680 537 adolescens,
699 469 750 545 qui
768 464 910 545 equitatui

247 565 382 626 praeerat,
398 551 475 627 quod
485 549 643 627 expeditior
656 567 734 618 erat,
752 569 839 625 quam
855 544 906 616 hi,

247 629 296 704 qui
305 628 378 688 inter
386 628 803 696 aciemversabantur‚tertiam
811 628 908 689 aciem

245 707 437 769 laborantibus
451 709 554 768 nostris
568 706 691 773 subsidio
706 708 793 768 misit.

285 785 364 850 L111.
375 787 416 847 Ita
426 789 561 865 proelium
572 787 731 848 restitumm
744 804 803 856 est,
818 803 907 862 atque

246 881 347 926 omnes
356 865 451 928 hostes
459 885 539 949 terga
549 883 692 930 verterunt
703 887 714 939 3
724 885 816 942 neque
829 867 910 942 prius

242 944 341 1024 fugere
355 945 536 1015 destiterunt,
553 963 640 1023 quatu
655 945 691 1006 ad
708 943 815 1017 flurnen
827 943 908 1004 Rhe-

240 1043 314 1084 num
332 1023 423 1084 millia
442 1046 575 1104 passuum
591 1045 628 1085 ex
648 1045 687 1084 eo
705 1025 773 1084 loco
791 1022 907 1087 circiter

239 1102 445 1183 quinquaginta
464 1120 663 1182 pervenerunt.
685 1104 729 1164 lbi
749 1103 908 1180 perpauci,

243 1198 292 1242 aut
310 1182 415 1245 viribus
433 1183 534 1245 c‘onfisi
550 1201 723 1251 transnatare
742 1181 906 1242 contende·

240 1281 307 1328 runt
322 1275 399 1334 3'aut
414 1263 543 1322 lintribus
555 1264 699 1335 inventis,
717 1263 838 1323 salutern
851 1260 907 1321 sibi

240 1341 391 1418 petierunt.
409 1343 442 1402 ln
460 1341 504 1402 his
518 1341 572 1402 fuit
589 1342 767 1408 Ariovistus,
784 1340 833 1417 qui
851 1361 907 1400 na-

240 1420 367 1480 viculam
385 1421 442 1481 deli
462 1439 541 1482 atam
564 1420 600 1482 ad
618 1423 709 1498 tiparn
734 1438 852 1487 nactus,
870 1439 908 1480 ea

240 1497 367 1578 profugit
377 1522 399 1563 a
412 1442 537 1579 requuos
553 1519 655 1569 omues
673 1501 781 1576 equites
798 1517 907 1558 conse-

237 1577 299 1640 cuti
326 1579 417 1643 nostri
434 1579 656 1646 ·interfecerturt.
692 1578 764 1640 Dua
790 1577 909 1638 fuerunt
994 1650 995 1659 χ

239 1655 378 1721 Ariouisti
392 1669 504 1722 *uxores
521 1680 533 1729 ς
556 1679 621 1720 una.
641 1659 749 1726 sueva·
762 1657 907 1730 natione,

239 1750 326 1810 quarn
354 1737 444 1799 domo
471 1758 568 1799 secum
594 1736 748 1798 adduxerat
773 1757 783 1808 ς
812 1735 907 1796 altera

237 1813 371 1886 Norica,
390 1817 463 1898 regis
478 1817 622 1880 Vocionis
644 1837 747 1887 soror,
766 1836 855 1892 quam
875 1815 909 1879 in
993 1854 994 1861 κ

240 1891 338 1956 Gallia
351 1897 484 1966 duxerat,
496 1893 514 1954 :i
531 1897 616 1956 fratre
629 1895 755 1956 missam.
774 1895 909 1971 Utraque

239 1971 269 2032 in
283 1991 316 2034 ea
333 1975 399 2054 fuga
410 1977 505 2052 periit.
516 1975 589 2034 Duae
599 1974 664 2034 filiae
680 1974 801 2045 hatum3
816 1974 910 2034 altera

237 2053 354 2121 occisa,
373 2054 461 2119 altera
472 2070 556 2130 capta
569 2070 621 2113 est.
636 2052 674 2116 C.
687 2053 820 2115 Valerius
834 2051 910 2112 Pro-

239 2130 343 2196 cillus,
365 2152 433 2192 curn
456 2154 473 2192 a
498 2132 659 2194 custodibus
673 2133 713 2192 -in
734 2130 909 2209 fugatrinis
989 2158 990 2211 q

238 2208 346 2269 catenis
364 2211 475 2274 vinctus
493 2209 668 2280 traheretur,
685 2213 715 2271 in
731 2211 825 2288 ipsum
843 2209 911 2270 Cae·
985 2234 990 2299 q

239 2301 331 2358 tarem
356 2287 482 2352 hostium
506 2290 664 2366 equitatum
688 2306 909 2366 persequentem

238 2365 361 2430 incidit:
379 2390 440 2445 quae
457 2368 573 2446 quidem
591 2389 634 2430 res
652 2368 835 2429 Catari-non
852 2369 910 2428 rni-

238 2463 363 2514 norem‚
380 2469 467 2523 quani
485 2447 546 2524 ipsa
563 2447 707 2518 victoria,
724 2448 910 2524 voluptatem
985 2446 987 2517 ἶ

239 2525 333 2584 attulit
356 2547 367 2596 ς
390 2525 466 2602 quod
495 2524 645 2588 hominem
669 2526 908 2587 honestissimum
985 2528 986 2561 ¹

238 2603 392 2740 provincia
413 2602 546 2674 Galliae,
570 2627 653 2666 suum
677 2604 852 2666 familiarem
879 2622 910 2666 et
984 2600 985 2647 l

260 2682 401 2758 ospitem,
422 2702 552 2762 ereptum
569 2704 586 2744 e
603 2684 735 2746 manibus
754 2681 908 2753 hostium,
978 2680 985 2747 I

236 2759 291 2833 sibi
306 2761 464 2836 restitutum
481 2763 619 2835 videbat,
637 2782 731 2842 neque
742 2762 813 2842 ‘ejus
827 2763 908 2825 cala·
982 2754 983 2823 I

977 3052 981 3083 t

978 3099 979 3132 I
