<?xml version="1.0" encoding="UTF-8"?>
<!DOCTYPE html PUBLIC "-//W3C//DTD XHTML 1.0 Transitional//EN"
    "http://www.w3.org/TR/xhtml1/DTD/xhtml1-transitional.dtd">
<html xmlns="http://www.w3.org/1999/xhtml" xml:lang="en" lang="en">
 <head>
  <title>
</title>
<meta http-equiv="Content-Type" content="text/html;charset=utf-8" />
  <meta name='ocr-system' content='tesseract 3.04.00' />
  <meta name='ocr-capabilities' content='ocr_page ocr_carea ocr_par ocr_line ocrx_word'/>
</head>
<body>
  <div class='ocr_page' id='page_1' title='image "./cjuliicaesarisq01hirtgoog_0326.png"; bbox 0 0 2000 3542; ppageno 0'>
   <div class='ocr_carea' id='block_1_1' title="bbox 157 280 816 377">
    <p class='ocr_par' dir='ltr' id='par_1_1' title="bbox 157 280 816 377">
     <span class='ocr_line' id='line_1_1' title="bbox 157 280 816 377; baseline 0.002 -15"><span class='ocrx_word' id='word_1_1' title='bbox 157 280 816 377; x_wconf 59' lang='lat' dir='ltr'>‘utbrrtoss‘rmc&#39;oLtuvllt.293</span> 
     </span>
    </p>
   </div>
   <div class='ocr_carea' id='block_1_2' title="bbox 142 430 904 991">
    <p class='ocr_par' dir='ltr' id='par_1_2' title="bbox 142 430 904 991">
     <span class='ocr_line' id='line_1_2' title="bbox 145 430 815 507; baseline 0.007 -15"><span class='ocrx_word' id='word_1_2' title='bbox 145 450 283 507; x_wconf 76' lang='lat' dir='ltr'>ceretur3</span> <span class='ocrx_word' id='word_1_3' title='bbox 300 449 358 495; x_wconf 79' lang='lat' dir='ltr'>aut</span> <span class='ocrx_word' id='word_1_4' title='bbox 365 430 461 496; x_wconf 86' lang='lat' dir='ltr'>hostes</span> <span class='ocrx_word' id='word_1_5' title='bbox 478 434 617 497; x_wconf 86' lang='lat' dir='ltr'>incendiis</span> <span class='ocrx_word' id='word_1_6' title='bbox 633 452 815 497; x_wconf 82' lang='lat' dir='ltr'>terrerentur.</span> 
     </span>
     <span class='ocr_line' id='line_1_3' title="bbox 145 500 844 592; baseline 0.003 -21"><span class='ocrx_word' id='word_1_7' title='bbox 145 511 249 573; x_wconf 86' lang='lat' dir='ltr'>Multis</span> <span class='ocrx_word' id='word_1_8' title='bbox 265 510 419 572; x_wconf 85' lang='lat' dir='ltr'>homiuum</span> <span class='ocrx_word' id='word_1_9' title='bbox 435 513 561 575; x_wconf 88' lang='lat' dir='ltr'>millibus</span> <span class='ocrx_word' id='word_1_10' title='bbox 582 515 687 592; x_wconf 76' lang='lat' dir='ltr'>captis,</span> <span class='ocrx_word' id='word_1_11' title='bbox 709 512 817 591; x_wconf 61' lang='lat' dir='ltr'>periei*</span> <span class='ocrx_word' id='word_1_12' title='bbox 835 500 844 525; x_wconf 69' lang='lat'>⁸</span> 
     </span>
     <span class='ocr_line' id='line_1_4' title="bbox 144 589 817 671; baseline 0 -19"><span class='ocrx_word' id='word_1_13' title='bbox 144 590 195 652; x_wconf 86' lang='lat' dir='ltr'>riti</span> <span class='ocrx_word' id='word_1_14' title='bbox 203 589 363 671; x_wconf 83' lang='lat' dir='ltr'>Bituriges,</span> <span class='ocrx_word' id='word_1_15' title='bbox 381 591 432 668; x_wconf 89' lang='lat' dir='ltr'>qui</span> <span class='ocrx_word' id='word_1_16' title='bbox 440 592 567 671; x_wconf 90' lang='lat' dir='ltr'>primum</span> <span class='ocrx_word' id='word_1_17' title='bbox 580 594 735 655; x_wconf 78' lang='lat' dir='ltr'>adventum</span> <span class='ocrx_word' id='word_1_18' title='bbox 744 590 817 652; x_wconf 86' lang='lat' dir='ltr'>effu-</span> 
     </span>
     <span class='ocr_line' id='line_1_5' title="bbox 145 664 904 749; baseline 0.003 -20"><span class='ocrx_word' id='word_1_19' title='bbox 145 688 217 749; x_wconf 84' lang='lat' dir='ltr'>gere</span> <span class='ocrx_word' id='word_1_20' title='bbox 234 671 388 747; x_wconf 75' lang='lat' dir='ltr'>potuerunt</span> <span class='ocrx_word' id='word_1_21' title='bbox 397 664 620 742; x_wconf 83' lang='lat' dir='ltr'>Romanorum,</span> <span class='ocrx_word' id='word_1_22' title='bbox 638 672 668 730; x_wconf 88' lang='lat' dir='ltr'>in</span> <span class='ocrx_word' id='word_1_23' title='bbox 679 668 815 731; x_wconf 79' lang='lat' dir='ltr'>finitimas</span> <span class='ocrx_word' id='word_1_24' title='bbox 902 684 904 688; x_wconf 83' lang='lat'>&#39;</span> 
     </span>
     <span class='ocr_line' id='line_1_6' title="bbox 143 739 865 830; baseline 0 -21"><span class='ocrx_word' id='word_1_25' title='bbox 143 748 304 817; x_wconf 81' lang='lat' dir='ltr'>civitates,</span> <span class='ocrx_word' id='word_1_26' title='bbox 338 766 387 811; x_wconf 85' lang='lat' dir='ltr'>aut</span> <span class='ocrx_word' id='word_1_27' title='bbox 404 750 521 828; x_wconf 82' lang='lat' dir='ltr'>privatis</span> <span class='ocrx_word' id='word_1_28' title='bbox 539 739 667 830; x_wconf 85' lang='lat' dir='ltr'>hospitiis</span> <span class='ocrx_word' id='word_1_29' title='bbox 685 750 811 819; x_wconf 87' lang='lat' dir='ltr'>confisi,</span> <span class='ocrx_word' id='word_1_30' title='bbox 853 794 865 809; x_wconf 91' lang='lat'><em>.</em></span> 
     </span>
     <span class='ocr_line' id='line_1_7' title="bbox 142 828 811 909; baseline 0.006 -23"><span class='ocrx_word' id='word_1_31' title='bbox 142 843 195 887; x_wconf 84' lang='lat' dir='ltr'>aut</span> <span class='ocrx_word' id='word_1_32' title='bbox 208 828 345 905; x_wconf 82' lang='lat' dir='ltr'>societate</span> <span class='ocrx_word' id='word_1_33' title='bbox 368 828 583 899; x_wconf 78' lang='lat' dir='ltr'>consiliorum,</span> <span class='ocrx_word' id='word_1_34' title='bbox 611 828 811 909; x_wconf 85' lang='lat' dir='ltr'>confugerant.</span> 
     </span>
     <span class='ocr_line' id='line_1_8' title="bbox 143 892 810 991; baseline 0.004 -26"><span class='ocrx_word' id='word_1_35' title='bbox 143 892 287 968; x_wconf 68' lang='lat' dir='ltr'>Fms‘trar</span> <span class='ocrx_word' id='word_1_36' title='bbox 320 916 389 967; x_wconf 82' lang='lat' dir='ltr'>nam</span> <span class='ocrx_word' id='word_1_37' title='bbox 414 904 508 970; x_wconf 77' lang='lat' dir='ltr'>Caetar‘</span> <span class='ocrx_word' id='word_1_38' title='bbox 532 906 643 991; x_wconf 82' lang='lat' dir='ltr'>magnis</span> <span class='ocrx_word' id='word_1_39' title='bbox 665 907 810 969; x_wconf 84' lang='lat' dir='ltr'>itineribus</span> 
     </span>
    </p>
   </div>
   <div class='ocr_carea' id='block_1_3' title="bbox 73 984 853 2883">
    <p class='ocr_par' dir='ltr' id='par_1_3' title="bbox 142 984 853 1065">
     <span class='ocr_line' id='line_1_9' title="bbox 142 984 853 1065; baseline 0 -20"><span class='ocrx_word' id='word_1_40' title='bbox 142 986 278 1056; x_wconf 78' lang='lat' dir='ltr'>omnibus</span> <span class='ocrx_word' id='word_1_41' title='bbox 290 984 364 1047; x_wconf 85' lang='lat' dir='ltr'>locis</span> <span class='ocrx_word' id='word_1_42' title='bbox 381 988 593 1061; x_wconf 78' lang='lat' dir='ltr'>occurrit31&#39;rec</span> <span class='ocrx_word' id='word_1_43' title='bbox 609 988 656 1049; x_wconf 87' lang='lat' dir='ltr'>dat</span> <span class='ocrx_word' id='word_1_44' title='bbox 667 986 720 1049; x_wconf 89' lang='lat' dir='ltr'>ulli</span> <span class='ocrx_word' id='word_1_45' title='bbox 736 987 808 1049; x_wconf 88' lang='lat' dir='ltr'>civi·</span> <span class='ocrx_word' id='word_1_46' title='bbox 851 1060 853 1065; x_wconf 23' lang='grc' dir='ltr'>Ι</span> 
     </span>
    </p>

    <p class='ocr_par' dir='ltr' id='par_1_4' title="bbox 73 1064 808 1839">
     <span class='ocr_line' id='line_1_10' title="bbox 73 1064 807 1145; baseline 0.005 -22"><span class='ocrx_word' id='word_1_47' title='bbox 73 1078 77 1083; x_wconf 91' lang='grc'>’</span> <span class='ocrx_word' id='word_1_48' title='bbox 143 1064 197 1125; x_wconf 83' lang='lat' dir='ltr'>&#39;tati</span> <span class='ocrx_word' id='word_1_49' title='bbox 214 1066 337 1142; x_wconf 85' lang='lat' dir='ltr'>spatium</span> <span class='ocrx_word' id='word_1_50' title='bbox 358 1064 393 1125; x_wconf 88' lang='lat' dir='ltr'>de</span> <span class='ocrx_word' id='word_1_51' title='bbox 412 1067 508 1127; x_wconf 77' lang='lat' dir='ltr'>aliem</span> <span class='ocrx_word' id='word_1_52' title='bbox 527 1068 641 1145; x_wconf 78' lang='lat' dir='ltr'>potius,</span> <span class='ocrx_word' id='word_1_53' title='bbox 666 1074 752 1145; x_wconf 85' lang='lat' dir='ltr'>quain</span> <span class='ocrx_word' id='word_1_54' title='bbox 771 1066 807 1127; x_wconf 77' lang='lat' dir='ltr'>de</span> 
     </span>
     <span class='ocr_line' id='line_1_11' title="bbox 139 1139 807 1225; baseline 0.004 -23"><span class='ocrx_word' id='word_1_55' title='bbox 139 1139 300 1205; x_wconf 77' lang='lat' dir='ltr'>domestica·</span> <span class='ocrx_word' id='word_1_56' title='bbox 307 1142 413 1213; x_wconf 86' lang='lat' dir='ltr'>salute,</span> <span class='ocrx_word' id='word_1_57' title='bbox 424 1144 589 1225; x_wconf 67' lang='lat' dir='ltr'>cogitandir</span> <span class='ocrx_word' id='word_1_58' title='bbox 602 1167 658 1223; x_wconf 87' lang='lat' dir='ltr'>qua</span> <span class='ocrx_word' id='word_1_59' title='bbox 674 1144 807 1205; x_wconf 65' lang='lat' dir='ltr'>celeriter·-</span> 
     </span>
     <span class='ocr_line' id='line_1_12' title="bbox 140 1222 806 1293; baseline 0.003 -12"><span class='ocrx_word' id='word_1_60' title='bbox 140 1237 193 1291; x_wconf 89' lang='lat' dir='ltr'>te,</span> <span class='ocrx_word' id='word_1_61' title='bbox 211 1239 241 1284; x_wconf 86' lang='lat' dir='ltr'>et</span> <span class='ocrx_word' id='word_1_62' title='bbox 255 1222 353 1284; x_wconf 83' lang='lat' dir='ltr'>fideles</span> <span class='ocrx_word' id='word_1_63' title='bbox 370 1222 480 1285; x_wconf 86' lang='lat' dir='ltr'>amicos</span> <span class='ocrx_word' id='word_1_64' title='bbox 496 1226 655 1293; x_wconf 81' lang='lat' dir='ltr'>retinebat,</span> <span class='ocrx_word' id='word_1_65' title='bbox 679 1240 709 1283; x_wconf 89' lang='lat' dir='ltr'>et</span> <span class='ocrx_word' id='word_1_66' title='bbox 724 1222 806 1283; x_wconf 62' lang='lat' dir='ltr'>dubia</span> 
     </span>
     <span class='ocr_line' id='line_1_13' title="bbox 138 1301 808 1380; baseline 0.001 -19"><span class='ocrx_word' id='word_1_67' title='bbox 138 1317 232 1362; x_wconf 82' lang='lat' dir='ltr'>tantes</span> <span class='ocrx_word' id='word_1_68' title='bbox 249 1319 358 1361; x_wconf 86' lang='lat' dir='ltr'>terrore</span> <span class='ocrx_word' id='word_1_69' title='bbox 378 1302 414 1363; x_wconf 86' lang='lat' dir='ltr'>ad</span> <span class='ocrx_word' id='word_1_70' title='bbox 429 1302 608 1363; x_wconf 84' lang='lat' dir='ltr'>conditiones</span> <span class='ocrx_word' id='word_1_71' title='bbox 625 1302 703 1380; x_wconf 82' lang='lat' dir='ltr'>pacis</span> <span class='ocrx_word' id='word_1_72' title='bbox 721 1301 808 1362; x_wconf 85' lang='lat' dir='ltr'>addu&#39;·</span> 
     </span>
     <span class='ocr_line' id='line_1_14' title="bbox 137 1381 805 1461; baseline -0.004 -18"><span class='ocrx_word' id='word_1_73' title='bbox 137 1381 234 1443; x_wconf 82' lang='lat' dir='ltr'>cebat.</span> <span class='ocrx_word' id='word_1_74' title='bbox 253 1381 321 1441; x_wconf 87' lang='lat' dir='ltr'>Tali</span> <span class='ocrx_word' id='word_1_75' title='bbox 352 1382 518 1442; x_wconf 85' lang='lat' dir='ltr'>conditione</span> <span class='ocrx_word' id='word_1_76' title='bbox 538 1382 676 1461; x_wconf 83' lang='lat' dir='ltr'>Bituriges</span> <span class='ocrx_word' id='word_1_77' title='bbox 696 1402 805 1459; x_wconf 89' lang='lat' dir='ltr'>propo-</span> 
     </span>
     <span class='ocr_line' id='line_1_15' title="bbox 137 1458 804 1533; baseline -0.001 -13"><span class='ocrx_word' id='word_1_78' title='bbox 137 1458 192 1533; x_wconf 80' lang='lat' dir='ltr'>sita</span> <span class='ocrx_word' id='word_1_79' title='bbox 210 1499 221 1529; x_wconf 92' lang='lat'>‚</span> <span class='ocrx_word' id='word_1_80' title='bbox 249 1480 317 1522; x_wconf 88' lang='lat' dir='ltr'>cum</span> <span class='ocrx_word' id='word_1_81' title='bbox 327 1460 379 1519; x_wconf 80' lang='lat' dir='ltr'>sbi</span> <span class='ocrx_word' id='word_1_82' title='bbox 394 1461 523 1522; x_wconf 85' lang='lat' dir='ltr'>viderent</span> <span class='ocrx_word' id='word_1_83' title='bbox 538 1459 690 1521; x_wconf 81' lang='lat' dir='ltr'>clementia</span> <span class='ocrx_word' id='word_1_84' title='bbox 707 1458 804 1519; x_wconf 80' lang='lat' dir='ltr'>Caesa-</span> 
     </span>
     <span class='ocr_line' id='line_1_16' title="bbox 134 1536 802 1620; baseline -0.003 -21"><span class='ocrx_word' id='word_1_85' title='bbox 134 1538 176 1599; x_wconf 84' lang='lat' dir='ltr'>&#39;tis</span> <span class='ocrx_word' id='word_1_86' title='bbox 191 1537 455 1617; x_wconf 82' lang='lat' dir='ltr'>reditumpatetein</span> <span class='ocrx_word' id='word_1_87' title='bbox 469 1539 530 1620; x_wconf 85' lang='lat' dir='ltr'>ejus</span> <span class='ocrx_word' id='word_1_88' title='bbox 543 1538 719 1607; x_wconf 79' lang='lat' dir='ltr'>amicitiam,</span> <span class='ocrx_word' id='word_1_89' title='bbox 733 1536 802 1597; x_wconf 81' lang='lat' dir='ltr'>fini-</span> 
     </span>
     <span class='ocr_line' id='line_1_17' title="bbox 134 1607 801 1697; baseline -0.001 -20"><span class='ocrx_word' id='word_1_90' title='bbox 134 1607 277 1697; x_wconf 77' lang='lat' dir='ltr'>timasque</span> <span class='ocrx_word' id='word_1_91' title='bbox 295 1618 422 1680; x_wconf 79' lang='lat' dir='ltr'>civitates</span> <span class='ocrx_word' id='word_1_92' title='bbox 441 1620 502 1681; x_wconf 87' lang='lat' dir='ltr'>sine</span> <span class='ocrx_word' id='word_1_93' title='bbox 520 1620 579 1682; x_wconf 81' lang='lat' dir='ltr'>ulla</span> <span class='ocrx_word' id='word_1_94' title='bbox 591 1628 674 1697; x_wconf 69' lang='lat' dir='ltr'>puina</span> <span class='ocrx_word' id='word_1_95' title='bbox 693 1612 801 1679; x_wconf 72' lang='lat' dir='ltr'>dedissc&#39;</span> 
     </span>
     <span class='ocr_line' id='line_1_18' title="bbox 135 1696 799 1777; baseline 0 -20"><span class='ocrx_word' id='word_1_96' title='bbox 135 1696 273 1766; x_wconf 83' lang='lat' dir='ltr'>obsides,</span> <span class='ocrx_word' id='word_1_97' title='bbox 300 1714 385 1775; x_wconf 84' lang='lat' dir='ltr'>atque</span> <span class='ocrx_word' id='word_1_98' title='bbox 410 1698 440 1757; x_wconf 87' lang='lat' dir='ltr'>in</span> <span class='ocrx_word' id='word_1_99' title='bbox 463 1699 551 1759; x_wconf 86' lang='lat' dir='ltr'>fidem</span> <span class='ocrx_word' id='word_1_100' title='bbox 566 1714 692 1777; x_wconf 80' lang='lat' dir='ltr'>receptas</span> <span class='ocrx_word' id='word_1_101' title='bbox 711 1706 799 1767; x_wconf 65' lang='lat' dir='ltr'>esst,</span> 
     </span>
     <span class='ocr_line' id='line_1_19' title="bbox 134 1768 366 1839; baseline 0.017 -4"><span class='ocrx_word' id='word_1_102' title='bbox 134 1768 366 1839; x_wconf 83' lang='lat' dir='ltr'>idemfecetunt.</span> 
     </span>
    </p>

    <p class='ocr_par' dir='ltr' id='par_1_5' title="bbox 127 1854 803 2645">
     <span class='ocr_line' id='line_1_20' title="bbox 171 1854 799 1931; baseline 0 -16"><span class='ocrx_word' id='word_1_103' title='bbox 171 1856 187 1915; x_wconf 94' lang='lat'>1</span> <span class='ocrx_word' id='word_1_104' title='bbox 193 1854 234 1916; x_wconf 91' lang='lat' dir='ltr'>V.</span> <span class='ocrx_word' id='word_1_105' title='bbox 252 1854 345 1917; x_wconf 82' lang='lat' dir='ltr'>Caesar</span> <span class='ocrx_word' id='word_1_106' title='bbox 365 1854 520 1923; x_wconf 84' lang='lat' dir='ltr'>militibus,</span> <span class='ocrx_word' id='word_1_107' title='bbox 540 1860 593 1931; x_wconf 82' lang='lat' dir='ltr'>pro</span> <span class='ocrx_word' id='word_1_108' title='bbox 608 1870 690 1917; x_wconf 84' lang='lat' dir='ltr'>tanto</span> <span class='ocrx_word' id='word_1_109' title='bbox 701 1855 799 1915; x_wconf 81' lang='lat' dir='ltr'>labore</span> 
     </span>
     <span class='ocr_line' id='line_1_21' title="bbox 133 1932 802 2011; baseline -0.006 -16"><span class='ocrx_word' id='word_1_110' title='bbox 133 1946 171 1995; x_wconf 72' lang='lat' dir='ltr'>ac</span> <span class='ocrx_word' id='word_1_111' title='bbox 187 1935 343 2011; x_wconf 81' lang='lat' dir='ltr'>patientia,</span> <span class='ocrx_word' id='word_1_112' title='bbox 363 1935 411 2011; x_wconf 90' lang='lat' dir='ltr'>qui</span> <span class='ocrx_word' id='word_1_113' title='bbox 428 1935 602 1995; x_wconf 87' lang='lat' dir='ltr'>brumalibus</span> <span class='ocrx_word' id='word_1_114' title='bbox 615 1934 733 2001; x_wconf 88' lang='lat' dir='ltr'>diebus,</span> <span class='ocrx_word' id='word_1_115' title='bbox 755 1932 802 1992; x_wconf 88' lang='lat' dir='ltr'>iti·</span> 
     </span>
     <span class='ocr_line' id='line_1_22' title="bbox 133 2005 803 2093; baseline -0.001 -21"><span class='ocrx_word' id='word_1_116' title='bbox 133 2014 247 2088; x_wconf 69' lang='lat' dir='ltr'>ructibus</span> <span class='ocrx_word' id='word_1_117' title='bbox 264 2005 458 2083; x_wconf 85' lang='lat' dir='ltr'>difficillimis,</span> <span class='ocrx_word' id='word_1_118' title='bbox 474 2012 625 2093; x_wconf 86' lang='lat' dir='ltr'>frigoribus</span> <span class='ocrx_word' id='word_1_119' title='bbox 648 2012 803 2072; x_wconf 81' lang='lat' dir='ltr'>intoleran&#39;·</span> 
     </span>
     <span class='ocr_line' id='line_1_23' title="bbox 132 2083 798 2171; baseline -0.002 -19"><span class='ocrx_word' id='word_1_120' title='bbox 132 2092 193 2161; x_wconf 82' lang='lat' dir='ltr'>dis,</span> <span class='ocrx_word' id='word_1_121' title='bbox 205 2085 407 2153; x_wconf 77' lang='lat' dir='ltr'>studiosissime</span> <span class='ocrx_word' id='word_1_122' title='bbox 418 2102 630 2171; x_wconf 81' lang='lat' dir='ltr'>permanserunt</span> <span class='ocrx_word' id='word_1_123' title='bbox 640 2093 668 2151; x_wconf 86' lang='lat' dir='ltr'>in</span> <span class='ocrx_word' id='word_1_124' title='bbox 679 2083 798 2167; x_wconf 61' lang='lat' dir='ltr'>laboti,</span> 
     </span>
     <span class='ocr_line' id='line_1_24' title="bbox 130 2160 800 2244; baseline 0 -13"><span class='ocrx_word' id='word_1_125' title='bbox 130 2160 257 2232; x_wconf 77' lang='lat' dir='ltr'>ducenos</span> <span class='ocrx_word' id='word_1_126' title='bbox 268 2170 407 2233; x_wconf 82' lang='lat' dir='ltr'>sestertios</span> <span class='ocrx_word' id='word_1_127' title='bbox 420 2193 430 2244; x_wconf 89' lang='lat'>;</span> <span class='ocrx_word' id='word_1_128' title='bbox 448 2172 677 2241; x_wconf 88' lang='lat' dir='ltr'>centurionibus,</span> <span class='ocrx_word' id='word_1_129' title='bbox 688 2191 722 2231; x_wconf 89' lang='lat'>11</span> <span class='ocrx_word' id='word_1_130' title='bbox 733 2168 800 2232; x_wconf 83' lang='lat' dir='ltr'>mil·-</span> 
     </span>
     <span class='ocr_line' id='line_1_25' title="bbox 130 2244 798 2327; baseline -0.003 -16"><span class='ocrx_word' id='word_1_131' title='bbox 130 2250 173 2311; x_wconf 82' lang='lat' dir='ltr'>lia</span> <span class='ocrx_word' id='word_1_132' title='bbox 188 2244 339 2311; x_wconf 75' lang='lat' dir='ltr'>trummbm</span> <span class='ocrx_word' id='word_1_133' title='bbox 353 2252 450 2327; x_wconf 74' lang='lat' dir='ltr'>praedae</span> <span class='ocrx_word' id='word_1_134' title='bbox 466 2252 586 2313; x_wconf 86' lang='lat' dir='ltr'>nomine</span> <span class='ocrx_word' id='word_1_135' title='bbox 609 2250 798 2314; x_wconf 66' lang='lat' dir='ltr'>condonanda</span> 
     </span>
     <span class='ocr_line' id='line_1_26' title="bbox 129 2324 797 2410; baseline 0.001 -21"><span class='ocrx_word' id='word_1_136' title='bbox 129 2324 308 2409; x_wconf 78' lang='lat' dir='ltr'>pollicetur:</span> <span class='ocrx_word' id='word_1_137' title='bbox 329 2330 546 2410; x_wconf 85' lang='lat' dir='ltr'>legionibusque</span> <span class='ocrx_word' id='word_1_138' title='bbox 569 2332 598 2389; x_wconf 87' lang='lat' dir='ltr'>in</span> <span class='ocrx_word' id='word_1_139' title='bbox 615 2330 732 2403; x_wconf 83' lang='lat' dir='ltr'>hiberna</span> <span class='ocrx_word' id='word_1_140' title='bbox 752 2338 797 2391; x_wconf 81' lang='lat' dir='ltr'>ie·-</span> 
     </span>
     <span class='ocr_line' id='line_1_27' title="bbox 129 2407 796 2487; baseline 0.006 -18"><span class='ocrx_word' id='word_1_141' title='bbox 129 2408 248 2478; x_wconf 79' lang='lat' dir='ltr'>missis,</span> <span class='ocrx_word' id='word_1_142' title='bbox 278 2408 339 2487; x_wconf 85' lang='lat' dir='ltr'>ipse</span> <span class='ocrx_word' id='word_1_143' title='bbox 361 2430 390 2468; x_wconf 86' lang='lat' dir='ltr'>se</span> <span class='ocrx_word' id='word_1_144' title='bbox 412 2407 512 2483; x_wconf 84' lang='lat' dir='ltr'>recipit</span> <span class='ocrx_word' id='word_1_145' title='bbox 534 2408 578 2467; x_wconf 86' lang='lat' dir='ltr'>die</span> <span class='ocrx_word' id='word_1_146' title='bbox 594 2428 640 2468; x_wconf 82' lang='lat' dir='ltr'>xu</span> <span class='ocrx_word' id='word_1_147' title='bbox 656 2407 796 2475; x_wconf 70' lang='lat' dir='ltr'>Bibracte.</span> 
     </span>
     <span class='ocr_line' id='line_1_28' title="bbox 129 2476 796 2569; baseline 0.001 -21"><span class='ocrx_word' id='word_1_148' title='bbox 129 2476 174 2548; x_wconf 76' lang='lat' dir='ltr'>ibi</span> <span class='ocrx_word' id='word_1_149' title='bbox 189 2499 256 2548; x_wconf 86' lang='lat' dir='ltr'>cum</span> <span class='ocrx_word' id='word_1_150' title='bbox 268 2487 310 2563; x_wconf 78' lang='lat' dir='ltr'>jus</span> <span class='ocrx_word' id='word_1_151' title='bbox 325 2486 451 2556; x_wconf 89' lang='lat' dir='ltr'>diceret,</span> <span class='ocrx_word' id='word_1_152' title='bbox 469 2488 606 2569; x_wconf 85' lang='lat' dir='ltr'>Bituriges</span> <span class='ocrx_word' id='word_1_153' title='bbox 625 2488 659 2549; x_wconf 81' lang='lat' dir='ltr'>ud</span> <span class='ocrx_word' id='word_1_154' title='bbox 675 2502 743 2549; x_wconf 85' lang='lat' dir='ltr'>eum</span> <span class='ocrx_word' id='word_1_155' title='bbox 753 2489 796 2549; x_wconf 77' lang='lat' dir='ltr'>lc-</span> 
     </span>
     <span class='ocr_line' id='line_1_29' title="bbox 127 2566 795 2645; baseline 0.007 -21"><span class='ocrx_word' id='word_1_156' title='bbox 127 2583 211 2645; x_wconf 86' lang='lat' dir='ltr'>gatos</span> <span class='ocrx_word' id='word_1_157' title='bbox 231 2567 365 2636; x_wconf 88' lang='lat' dir='ltr'>mittunt,</span> <span class='ocrx_word' id='word_1_158' title='bbox 391 2566 531 2627; x_wconf 82' lang='lat' dir='ltr'>auxilium</span> <span class='ocrx_word' id='word_1_159' title='bbox 548 2566 671 2645; x_wconf 82' lang='lat' dir='ltr'>petitum</span> <span class='ocrx_word' id='word_1_160' title='bbox 694 2582 795 2629; x_wconf 81' lang='lat' dir='ltr'>contra</span> 
     </span>
    </p>

    <p class='ocr_par' dir='ltr' id='par_1_6' title="bbox 126 2637 795 2883">
     <span class='ocr_line' id='line_1_30' title="bbox 128 2637 795 2723; baseline 0.001 -18"><span class='ocrx_word' id='word_1_161' title='bbox 128 2644 288 2713; x_wconf 73' lang='lat' dir='ltr'>Carnutes,</span> <span class='ocrx_word' id='word_1_162' title='bbox 321 2668 374 2707; x_wconf 83' lang='lat' dir='ltr'>uos</span> <span class='ocrx_word' id='word_1_163' title='bbox 393 2645 518 2706; x_wconf 76' lang='lat' dir='ltr'>intulisse</span> <span class='ocrx_word' id='word_1_164' title='bbox 533 2642 642 2706; x_wconf 82' lang='lat' dir='ltr'>b&#39;ellum¹</span> <span class='ocrx_word' id='word_1_165' title='bbox 657 2637 709 2705; x_wconf 82' lang='lat' dir='ltr'>sibi</span> <span class='ocrx_word' id='word_1_166' title='bbox 722 2658 795 2723; x_wconf 68' lang='lat' dir='ltr'>qute-</span> 
     </span>
     <span class='ocr_line' id='line_1_31' title="bbox 126 2666 795 2864; baseline -0.003 -77"><span class='ocrx_word' id='word_1_167' title='bbox 126 2715 271 2787; x_wconf 73' lang='lat' dir='ltr'>rebantur.</span> <span class='ocrx_word' id='word_1_168' title='bbox 288 2666 359 2805; x_wconf 55' lang='grc' dir='ltr'>(Ξιια</span> <span class='ocrx_word' id='word_1_169' title='bbox 376 2717 560 2809; x_wconf 78' lang='lat' dir='ltr'>recognita,</span> <span class='ocrx_word' id='word_1_170' title='bbox 579 2746 646 2864; x_wconf 59' lang='grc' dir='ltr'>ειιιὲ</span> <span class='ocrx_word' id='word_1_171' title='bbox 652 2744 716 2864; x_wconf 51' lang='grc' dir='ltr'>ἔρῃ</span> <span class='ocrx_word' id='word_1_172' title='bbox 731 2745 795 2785; x_wconf 89' lang='lat' dir='ltr'>aru·</span> 
     </span>
     <span class='ocr_line' id='line_1_32' title="bbox 680 2822 712 2883; baseline -0.063 -20"><span class='ocrx_word' id='word_1_173' title='bbox 680 2822 712 2883; x_wconf 65' lang='lat' dir='ltr'>tr)</span> 
     </span>
    </p>
   </div>
   <div class='ocr_carea' id='block_1_4' title="bbox 0 0 1004 3542">
    <p class='ocr_par' dir='ltr' id='par_1_7' title="bbox 0 0 1004 3542">
     <span class='ocr_line' id='line_1_33' title="bbox 0 0 1004 3542; baseline 0 5"><span class='ocrx_word' id='word_1_174' title='bbox 0 0 1004 3542; x_wconf 95' lang='lat' dir='ltr'> </span> 
     </span>
    </p>
   </div>
  </div>
 </body>
</html>
