2000 3542
156 297 702 366 nthoGuuucoLrndl.
742 313 776 377 63

93 439 256 520 diuisores
277 439 511 524 contumeliasque
592 465 674 516 erre,
694 461 723 508 et
745 447 781 508 ab

94 459 206 582 AEllois
221 521 387 597 defecisse,
406 540 434 582 et
447 463 548 604 popum
595 571 602 586 .
620 524 721 605 bellurn
737 528 783 590 in·

98 599 204 661 tulisse
221 627 233 662 s
249 593 294 679 qui
310 598 395 680 hujus
415 601 530 662 consilii
548 603 690 685 principes
700 603 782 680 fuis·

98 695 186 748 sent,
200 678 272 760 quod
291 677 504 759 intelligerent,
518 699 648 760 quantam
665 683 783 743 calami-

98 777 187 818 tatem
207 757 321 819 ciuitati
347 757 533 829 intulissent,
554 760 585 820 in
605 760 782 825 Britanniam

95 834 274 918 profugisse.
294 833 399 897 Petere
419 859 473 898 non
492 836 582 898 solum
597 837 781 912 Bellouacos,

98 913 153 976 sed
169 915 254 978 etiarn
266 933 316 995 pso
337 914 393 974 isis
406 914 538 985 AEduos,
558 935 653 978 utsua
663 917 782 980 clemen·

100 994 145 1054 tia
163 1013 197 1054 oe
215 992 431 1058 mansuetudine
452 995 484 1056 in
503 1015 552 1057 eos
570 1015 689 1059 uratur.-
710 998 781 1078 quod

100 1074 128 1134 si
144 1070 282 1149 fecerit,
304 1069 464 1134 AEduorum
491 1076 687 1137 auctoritatem
707 1077 781 1158 apud

101 1171 199 1212 omnes
211 1149 316 1231 Belgas
327 1150 563 1232 amplificaturum
575 1174 590 1226 ;
601 1174 712 1233 quorum
726 1175 779 1215 ou*

101 1228 188 1321 otiliis
210 1247 290 1310 atque
312 1229 433 1311 opibus,
454 1233 479 1291 si
499 1252 553 1321 qua
573 1232 647 1296 bella
669 1232 780 1294 incide·

102 1326 181 1378 rant,
197 1325 355 1370 sustentare
370 1328 578 1370 consueverint.

145 1387 225 1450 XV.
247 1387 341 1448 Caesat
352 1429 363 1458 ,
387 1387 511 1448 honoris
531 1388 673 1451 Divitiaci
694 1404 778 1469 atque

103 1465 270 1542 AEduorumy
284 1481 389 1537 causa,
410 1487 470 1530 sese
482 1487 533 1528 eos
543 1470 573 1528 in
583 1469 670 1534 fidem
680 1490 780 1549 recep·
845 1480 847 1483 ’

103 1562 260 1614 autumet
271 1565 526 1617 conservaturum,
538 1548 609 1611 diuis
620 1566 688 1622 ;ot,
702 1551 780 1626 quod

103 1641 168 1686 erat
183 1623 285 1686 civitas
303 1645 427 1705 magna,
450 1643 480 1687 et
498 1628 572 1687 intes
589 1629 691 1709 Belgas
707 1649 779 1691 aue·

103 1705 221 1766 toritate
242 1725 276 1765 aa
293 1703 447 1765 hominum
466 1707 648 1768 multitudine
667 1725 779 1785 praesta-

106 1787 177 1852 bat,
200 1803 243 1845 oc
270 1783 382 1846 obuides
397 1787 548 1863 poposcit.
573 1785 630 1845 His
648 1788 777 1858 traditio,

106 1862 297 1940 omnibusque
315 1861 401 1922 armis
420 1883 456 1924 ex
475 1862 581 1940 oppido
599 1864 711 1926 collatis
722 1869 777 1934 ,nb

106 1963 148 2003 eo
165 1943 233 2002 loco
251 1943 281 2001 in
297 1940 369 2004 fines
392 1939 606 2001 Ambianorum
624 1945 777 2019 pervenit,

106 2021 225 2098 quise,
244 2041 348 2098 suoque
365 2021 486 2089 omnm,
510 2022 572 2082 sine
594 2041 677 2082 mora
701 2025 779 2086 dedi·

108 2099 221 2160 derunt.
240 2099 350 2162 Eorum
368 2099 439 2158 fines
456 2099 559 2163 Nervii
576 2101 777 2183 attingebant3

108 2199 235 2257 quorum
253 2177 536 2256 denatutamoribu's
554 2200 592 2240 ue
603 2179 699 2242 Cusas
710 2203 778 2246 cum

110 2274 270 2336 quaereret,
288 2258 328 2318 sic
343 2257 521 2334 reperiebat:
570 2255 656 2321 ullum
673 2259 778 2326 oditurn

108 2355 177 2397 esse
194 2333 230 2395 tul
246 2354 292 2396 eos
307 2334 506 2396 mercatoribus
517 2362 527 2396 ,·
538 2333 610 2412 nilril
619 2338 681 2418 pati
696 2338 775 2409 vini,

111 2412 330 2493 reliquas-unque
340 2431 428 2473 rerum
441 2413 477 2473 od
490 2413 628 2476 morutium
635 2416 779 2496 pertinen·

110 2493 207 2561 tium,
228 2491 326 2584 inferri
341 2513 354 2564 ,·
371 2491 441 2570 qaod
458 2491 505 2556 nis
520 2494 602 2554 rebus
618 2493 777 2575 relangues-

115 2591 178 2632 cere
195 2589 330 2640 anrmos,
356 2573 498 2649 eorumque
521 2570 625 2633 remitti
649 2572 778 2635 uirtutem

118 2647 343 2712 existimarent.-
362 2662 425 2711 esra
449 2649 573 2710 nominer
588 2648 695 2726 seros,
714 2673 777 2714 ma·

117 2747 233 2810 gnaeque
254 2727 366 2793 ansuis
382 2753 393 2794 .·
410 2726 583 2810 increpitare·
599 2747 678 2809 atoue
700 2731 780 2792 ineo·
