2000 3542
234 318 290 391 ¹5⁸
311 310 348 373 C.
361 311 390 379 J.
405 304 813 371 CnetntsCorraranr.

234 440 363 502 accidere
385 440 556 510 consuevit,
575 438 625 516 qui
645 438 676 498 in
697 438 759 517 ipso
777 439 900 519 negotio

232 523 386 583 consilium
399 538 500 596 capere
508 539 660 599 coguntur·
672 517 713 577 At
724 517 829 586 Cotta,
846 520 899 595 qui

234 600 388 681 cogitasset
404 597 463 659 haec
480 599 611 680 possein
628 596 729 657 itinere
747 596 897 667 accidere,

124 664 129 673 ’
150 730 155 738 .
234 695 319 756 atque
338 680 376 738 ob
392 696 458 737 earn
472 698 589 737 causam
601 675 786 760 profectionis
795 694 899 745 auctor

232 776 294 817 non
313 757 429 826 fuisset,
449 758 529 817 nulla
546 756 576 815 in
596 772 626 815 re
644 754 794 815 communi
811 754 897 815 saluti

231 835 330 896 deerat
341 858 352 908 ς
365 852 414 905 et,
429 835 457 893 in
465 834 646 912 ‘appellandis
658 832 896 910 cohortandisque

231 915 393 982 militibus,
417 912 624 991 imperatorin
647 929 705 980 et,
726 911 756 969 in
775 931 893 992 pugna,

174 1023 176 1033 =
230 992 329 1055 militis
344 990 437 1053 officia
456 995 619 1071 praestabat:
638 1007 762 1067 cumque
778 1008 896 1068 propter

229 1070 440 1153 longitudinem
453 1070 582 1153 agminis„
590 1070 683 1129 minus
698 1068 782 1129 facile
795 1087 892 1146 perse

230 1151 330 1211 omnia
349 1151 456 1219 obire,
482 1167 513 1209 er
533 1150 599 1227 quid
617 1166 730 1226 quoque
750 1147 818 1208 loco
844 1148 890 1208 fa·

217 1229 364 1291 ciendum
378 1228 634 1309 essetrprovidere
652 1244 787 1305 poscente
804 1226 892 1305 insse·

230 1327 298 1369 tunt
315 1308 518 1385 pronunciari,
536 1325 568 1368 ut
585 1306 789 1383 impedimenta
804 1306 891 1367 relin-

227 1405 358 1462 maerent,
367 1405 451 1463 atque
458 1386 486 1444 in
495 1384 889 1463 orbemconsistetentsqttod

226 1466 398 1534 consilium,
419 1464 472 1525 etsi
490 1466 521 1524 in
539 1464 681 1542 ejusmodi
704 1486 770 1525 casu
787 1483 888 1541 repre.

226 1542 408 1609 hendendum
425 1562 485 1603 non
502 1559 567 1611 est,
585 1560 683 1603 tamen
700 1543 885 1604 incommode

224 1623 335 1686 accidit.
348 1622 427 1681 Nam
436 1639 471 1680 et
481 1621 582 1681 nostris
594 1621 728 1682 militibus
738 1640 817 1699 spem
827 1622 884 1682 mi·

224 1702 306 1771 nuit,
322 1718 353 1761 et
373 1699 467 1761 hostes
486 1700 521 1761 ad
535 1700 718 1781 pugnandum
733 1700 885 1762 alacriores
971 1763 974 1769 ,

222 1779 317 1843 effecit
331 1779 429 1857 3quod
446 1800 508 1840 non
525 1780 584 1839 sine
601 1800 715 1841 summo
733 1780 838 1839 timore
853 1797 884 1839 et

222 1860 418 1939 desperatione
435 1858 463 1919 id
478 1860 586 1920 factum
601 1858 758 1922 videbatur.
777 1858 883 1918 Praete-

221 1956 272 1999 rea
296 1939 415 2007 accidit,
433 1939 510 2015 quod
530 1937 592 1997 fieri
614 1954 729 1999 necesse
749 1955 829 2004 erar,
850 1955 883 2000 ut

221 2019 311 2097 vulgo
328 2017 431 2077 milites
448 2018 483 2075 ab
501 2016 586 2106 signis
600 2015 775 2077 discederent
792 2036 802 2087 ς
821 2037 882 2093 quet

211 2096 338 2175 ¹quisque
352 2114 454 2155 corum
467 2096 609 2154 carissima
622 2093 756 2165 haberet,
773 2099 809 2155 ab
822 2097 880 2155 im·

216 2174 386 2255 pedimentis
403 2190 519 2249 petere,
533 2190 616 2249 atque
633 2174 756 2252 arripere
772 2193 878 2251 prope-

221 2268 313 2324 raret,
325 2254 453 2315 clamore
466 2272 499 2315 ac
510 2251 578 2312 fletu
589 2252 688 2313 omnia
699 2255 879 2331 compleren-

209 2349 427 2479 wiiXXIV.
445 2409 486 2469 At
505 2408 627 2470 barbatis
646 2408 798 2470 consilium
815 2430 877 2471 nott

211 2489 307 2551 defuit
321 2508 408 2585 enam
427 2486 512 2548 duces
527 2504 629 2549 eorum
646 2504 706 2549 tota
723 2488 786 2548 acie
803 2510 875 2580 pto·
919 2489 925 2500 ‘

214 2566 343 2631 nunciati
350 2584 495 2704 jusserunt
505 2605 515 2633 ,
526 2586 561 2626 ne
577 2564 689 2644 pulsai
705 2562 765 2626 loco
781 2566 874 2627 disce·

211 2644 291 2709 deret
307 2664 320 2717 ,·
337 2642 446 2706 ilatum
469 2664 531 2705 etse
545 2642 691 2724 predam,
708 2662 789 2734 arque
811 2645 872 2707 illis

209 2720 871 2808 resacrari,quccmoekomarirrlquisserce
