2000 3542
240 321 301 410 '²30
339 313 855 408 ssJ3Cnssu1sCouusur:
900 397 904 408 Ι

241 444 342 510 tendit.
360 441 430 521 Qua
448 458 478 500 re
495 440 647 510 nunciata,
666 441 761 504 Caesar
776 445 917 508 omnibus

242 521 369 586 t'onsiliis
391 520 624 580 antevertendum
643 521 847 592 existimavit,
878 545 915 588 ut

212 620 213 623 ’
241 601 413 680 Narbonem*
419 599 657 678 proficisceretur.
676 599 722 660 Eo
733 621 801 661 cum
813 603 912 663 venis-

240 675 302 750 set,
324 681 457 740 timentes
471 677 645 747 confirmat,
659 680 786 757 praes'idia
797 681 826 740 in
842 681 911 743 Ru·

239 749 334 822 thenis
347 757 595 826 Provincialibus,
621 756 723 819 Volcis
746 760 911 821 Arecomi-

237 842 300 911 dis,
313 837 499 900 Tolosatibus
511 875 520 905 ,
532 836 696 914 circumque
715 836 910 912 Narbonem,

163 983 168 992 ,
240 939 302 1002 quae
314 921 380 978 loca
395 933 476 975 erant
490 914 618 974 hostibus
633 915 774 986 finitima,
795 921 909 980 consti-

209 1020 211 1026 ·
237 999 292 1058 tuit
303 1018 313 1069 3
327 1013 437 1076 partem
447 995 597 1076 copiatum
607 1013 644 1060 ex
655 993 808 1057 Provincia
819 1038 829 1067 ,
841 1021 911 1077 sup-

238 1078 496 1162 plementumque,
518 1072 597 1152 'quod
616 1094 655 1134 ex
674 1073 757 1135 Italia
776 1077 910 1138 adduxe·

238 1173 309 1225 rat,
329 1155 358 1217 in
378 1151 524 1222 Helvios,
544 1151 593 1232 qui
619 1153 689 1215 fines
708 1153 910 1220 Arvernorum

239 1235 338 1300 eontin
361 1231 698 1310 unt,convenirejubet.

276 1314 306 1376 V
316 1255 391 1374 lit:
404 1309 459 1370 His
469 1313 551 1372 rebus
560 1311 731 1390 comparatis
744 1351 754 1382 ,
771 1333 907 1393 represso

237 1389 427 1474 jamluoerio
441 1409 470 1450 et
481 1407 618 1460 remoto,
645 1390 721 1470 quod
742 1390 848 1454 intrare
860 1394 909 1454 in·

236 1491 280 1534 tra
292 1471 415 1552 praesidia
427 1469 769 1549 periculosum'putabat,
781 1472 819 1531 in‘
828 1471 907 1534 Hel·

238 1554 302 1616 vios
322 1547 518 1628 proficiscitur.
546 1547 606 1610 Etsi
632 1569 717 1610 mons
735 1549 905 1625 Cevenna,

236 1633 287 1708 riui
302 1629 448 1690 Arvernos
469 1627 505 1686 ab
516 1623 631 1688 Helviis
648 1629 795 1700 discludit,
815 1631 907 1695 duris.-

238 1710 312 1786 s'imo
330 1717 461 1784 tempore
479 1703 574 1776 anni,
601 1707 737 1767 altissima
759 1709 825 1771 nive
844 1711 907 1772 'iter
989 1766 990 1773 ,

238 1787 411 1868 impediebat
428 1807 438 1860 3
461 1802 559 1844 tamen
578 1785 699 1847 discussa
719 1787 786 1851 nive
804 1809 848 1849 v1
872 1791 905 1850 in
988 1852 989 1857 ,

237 1867 417 1934 altitudinem
437 1864 566 1944 pedum,
588 1883 673 1942 atque
691 1866 729 1928 ita
747 1865 800 1929 viis
817 1886 904 1952 pate-

237 1949 335 2018 factis,
349 1965 464 2008 summo
475 1944 600 2006 militum
608 1945 707 2003 labore
718 1945 753 2009 ad
764 1945 835 2007 fines
844 1949 905 2008 Ar·-

237 2031 394 2092 vernor-um
404 2022 552 2106 pervenit:
573 2023 672 2100 quibus
689 2026 826 2106 oppressis
835 2027 903 2088 ino·

237 2105 416 2185 pinantibus‚
426 2101 502 2180 quod
514 2101 553 2160 sir
566 2101 899 2178 secevemamtmuro,
984 2144 985 2147 =

236 2185 365 2264 munitos
390 2180 612 2251 existimabant,
640 2201 676 2242 ae
704 2202 742 2243 ne
764 2182 900 2265 singulari
982 2246 985 2261 ,

239 2263 356 2343 quidem
373 2258 485 2319 homiui
501 2278 628 2334 unquam
641 2279 817 2340 cotempore
831 2265 900 2329 anni

238 2341 346 2422 semitae
361 2339 681 2426 pantsrantsequitibus.
694 2340 832 2423 imperat,
849 2361 898 2414 ut,
982 2336 983 2357 ¹

237 2426 326 2500 quam
352 2416 485 2486 latissime
508 2417 648 2496 possint,
676 2436 841 2504 vagentur,
868 2440 898 2488 et
980 2492 981 2499 ἵ

236 2521 325 2585 quam
343 2496 504 2558 maximum
521 2493 647 2558 hostibus
661 2503 804 2565 terrorem
820 2499 897 2559 infe·
980 2502 981 2523 ¹

236 2597 311 2642 rant.
333 2575 472 2638 Celeriter
496 2571 555 2636 haec
574 2576 652 2636 fama
675 2595 710 2643 ac
726 2577 836 2638 nvmciis
860 2580 897 2642 ad

236 2653 505 2740 Vercingetorigem
521 2653 715 2732 perferuntur:
734 2675 820 2732 quem
831 2678 896 2736 per·

236 2736 327 2803 uuiti
343 2753 444 2801 omues
463 2734 589 2801 Arverni
609 2733 837 2814 circumsistunt,
855 2753 897 2805 at-
