2000 3542
230 283 270 348 '68
309 283 816 362 anensmsconnm.

230 432 279 571 {ed
297 453 347 512 per
366 451 415 505 se,
433 455 493 514 quae
512 434 698 509 videbannrr,
714 436 906 500 administra-

250 531 309 572 ant.

270 591 301 652 X
311 589 372 654 XI.
388 589 482 653 Caesar
497 591 659 653 necessariis
675 597 757 654 rebus
772 593 903 672 impera-

211 687 216 696 '
231 666 288 740 ris,
303 671 339 732 ad
347 669 538 733 cohortandos
548 673 672 743 milites,
691 692 776 751 quam
787 673 816 732 in
828 693 904 750 par«

231 765 292 810 tem
311 751 369 811 fors
390 751 512 820 obtulit,
534 751 655 812 decurrit
671 772 681 823 ς
702 751 784 812 etad
802 751 904 831 legio*

233 845 301 889 rtem
321 830 462 890 decimam
480 831 605 892 devenit.
626 832 734 891 Milites
750 847 809 890 non
828 833 902 889 lon<

230 909 312 986 giore
334 909 463 970 oratione
484 928 527 970 est
545 908 729 977 cohortatus,
748 931 834 988 quam
853 908 903 968 uti

231 1007 286 1045 suae
310 987 430 1065 pristinae
453 987 563 1049 virtutis
591 989 762 1066 memoriam
787 988 899 1048 retine-

232 1083 314 1134 rent,
325 1087 381 1127 neu
391 1069 619 1144 perturbarentur
626 1069 742 1137 animo,
753 1066 897 1127 hostium-

232 1163 288 1222 que
297 1146 436 1222 impetum
445 1145 556 1207 fortiter
566 1147 742 1207 sustinerent.
753 1145 806 1214 Et,
818 1144 900 1222 quod

232 1243 293 1282 non
317 1225 430 1362 lonfius
451 1222 545 1285 hostes
565 1227 704 1293 aberant,
728 1246 812 1302 quam
836 1245 896 1300 quo

232 1305 323 1364 terum
341 1326 357 1364 a
378 1305 425 1379 iici
444 1325 563 1382 posset,
581 1305 674 1382 proelii
697 1302 904 1363 committendi

232 1382 345 1462 signum
358 1381 446 1442 dedit.v
458 1385 553 1461 Atque
569 1384 639 1443 item
652 1384 682 1442 in
693 1384 812 1442 alteram
830 1403 899 1458 par-

231 1477 291 1519 tem
307 1461 475 1521 cohortandi
490 1483 573 1522 causa
589 1463 752 1540 profectus,
766 1482 899 1552 pugnan-

164 1602 166 1608 ,
231 1539 305 1599 tibus
328 1541 460 1600 occurrit.
482 1539 636 1620 Temporis
656 1557 734 1602 tanta
754 1541 807 1600 fuit
827 1559 897 1599 exr-
992 1604 993 1611 χ

232 1619 343 1698 gustas,
362 1618 542 1696 hostiumque
559 1637 619 1679 tam
633 1638 744 1697 paratus
757 1620 792 1680 ad
810 1619 901 1678 dirni-
983 1618 986 1624 '

232 1697 356 1757 candum
379 1697 509 1766 animus,
531 1714 562 1758 ut
573 1740 584 1767 ‚
607 1719 667 1758 non
687 1699 830 1760 modoad
850 1699 898 1757 in·
951 1761 957 1770 ,

232 1775 322 1856 signia
340 1777 602 1848 accommodanda,
622 1778 668 1838 sed
687 1778 824 1838 etiamad
841 1798 899 1858 ga·

232 1856 291 1915 leas
305 1855 473 1926 induendas,
488 1858 626 1936 scutisque
642 1875 787 2013 &omenta
802 1858 902 1918 derra·
989 1892 992 1911 ·

231 1933 347 2006 nenda,
370 1933 480 2014 tempus
502 1936 631 1998 defuerit.
707 1957 755 1996 am
777 1937 899 2014 quisque

231 2015 261 2073 in
279 2032 389 2090 partem
408 2017 445 2073 ob
464 2035 550 2092 opere
570 2037 636 2075 casu
656 2016 793 2082 devenir,
813 2035 896 2092 quae-

231 2112 286 2182 que
300 2093 391 2182 prima
403 2095 480 2174 signa
496 2095 666 2172 conspexit,
686 2095 720 2153 ad
733 2094 792 2154 haec
803 2114 897 2154 cons·

231 2185 308 2242 rrtrt‘3
320 2191 356 2230 ne
364 2191 393 2229 rn
404 2173 555 2248 q'uaerendis
566 2175 639 2241 suis,
658 2173 801 2254 pugnandi
813 2177 902 2233 tem-'
986 2195 990 2236 f

229 2269 282 2326 pus
295 2248 458 2311 dimitteret.
503 2287 506 2291 -

271 2325 387 2387 XXII.
412 2328 551 2390 Instructo
580 2327 729 2397 exercitu,
749 2329 842 2410 magis
860 2335 903 2390 ut'

231 2406 291 2465 loci
309 2424 424 2476 natura,
443 2407 620 2484 dejectusque
633 2408 733 2475 collis,
751 2427 781 2468 et
794 2414 905 2477 neces-v¹
987 2424 988 2433 ¹

230 2485 296 2545 sitas
327 2486 493 2564 temporis,
524 2509 610 2566 qnam
638 2502 670 2546 nt
695 2486 735 2546 rei
763 2487 895 2548 militaris

230 2565 307 2623 ratio
335 2581 418 2642 atque
447 2566 520 2625 ordo
546 2567 705 2644 postulabat
728 2587 738 2636 ς
759 2585 826 2624 cum
849 2567 897 2625 di·

229 2642 315 2702 versis
340 2644 411 2704 locis
434 2644 562 2725 legiones
584 2645 646 2704 aliae
672 2646 727 2704 alia
756 2643 786 2702 in
812 2663 898 2718 parte
985 2678 987 2705 ;

226 2721 353 2784 hostibus
374 2722 740 2802 resisterenr,'sepibusqrre
760 2724 894 2784 densissi-
