2000 3542
138 304 674 373 antttoGnstrcoLrs.IV.
696 328 752 382 rr,

90 452 257 513 convenire.
273 450 416 521 Interim,
434 452 559 513 consilio
570 452 632 533 ejus
649 453 755 535 cogru-

89 544 146 597 to,
165 550 195 591 er
212 550 263 607 per
275 550 446 591 mercatores
460 533 572 609 perlato
587 535 624 593 ad
637 536 755 594 Britan·

90 626 146 667 nos
153 650 165 678 ,
182 611 400 686 acompluribus
414 612 475 688 ejus
486 612 583 671 insule
593 614 756 674 civitatibus

90 686 128 745 ad
145 709 214 761 eum
231 688 318 769 legati
332 691 466 758 veniunt,
479 689 529 767 qui
542 691 751 768 polliceantur,

91 767 202 827 obsides
224 768 312 837 dare,
335 786 419 845 atque
442 770 564 846 imperio
585 772 685 847 populi
713 771 755 832 R.

90 846 300 923 obtemperare.
321 844 433 923 Quibus
450 849 579 917 auditis,
598 850 757 909 liberaliter

88 925 254 1000 pollicitus,
272 924 452 1003 hortatusque
469 944 502 987 ut
517 927 548 986 in
564 948 598 988 ea
615 931 755 989 sententia

91 1021 308 1079 permanerent,
319 1024 370 1064 eos
379 1005 498 1067 domurn
508 1007 616 1067 remisit
626 1029 635 1080 3
645 1027 674 1068 et
684 1030 755 1069 cuns

93 1080 204 1144 hisuna
221 1082 413 1152 Commium,
431 1106 519 1161 quern
535 1087 614 1163 ipse,
626 1086 754 1147 Atreba-

93 1161 170 1221 tibus
191 1163 348 1239 superatis,
371 1184 469 1243 regern
486 1165 527 1223 ibi
548 1166 756 1232 constituerat,

93 1241 175 1319 cujus
187 1260 216 1301 et
224 1242 377 1309 virtutem,
391 1260 419 1301 er
431 1244 583 1303 consilium
593 1246 754 1321 probabat,

94 1336 125 1380 et
137 1320 226 1398 ¹quent
243 1322 294 1381 ribi
309 1320 423 1380 fidelem
439 1321 642 1389 arbitrabatur,
662 1322 762 1399 cujus·-

93 1419 151 1477 que
170 1400 321 1459 auctoritas
348 1400 378 1457 in
403 1398 447 1459 his
468 1400 631 1481 regionibus
649 1421 755 1481 magna

93 1478 270 1546 habebatur,
297 1478 394 1537 mittit.
419 1478 498 1537 Huic
520 1480 664 1559 imperat,
687 1502 762 1557 quas

93 1558 207 1636 possit,
231 1556 313 1617 adeat
332 1558 458 1618 civitates
474 1579 483 1628 3
502 1556 706 1637 horteturque,
723 1578 759 1619 ut

94 1638 197 1715 populi
216 1636 253 1697 R.
271 1636 355 1697 fidem
372 1654 523 1713 sequantur
543 1662 553 1697 r
571 1659 656 1715 seque
675 1640 754 1699 cele·

93 1718 163 1777 riter
187 1736 226 1775 eo
246 1734 396 1775 venturum
418 1717 544 1777 nunciet.
566 1719 755 1786 Volusenus,

93 1796 248 1873 perspectis
264 1795 449 1874 regionibus,
466 1813 602 1869 quantum
618 1796 646 1855 ei
663 1794 755 1857 facul-

95 1875 161 1935 tatis
178 1874 237 1933 dati
252 1873 367 1951 potuit,
388 1872 436 1948 qui
453 1874 520 1933 navi
538 1894 555 1932 e
605 1873 654 1943 di,
672 1895 706 1933 ac
724 1894 763 1933 se«

96 1953 221 2014 barbaris
238 1953 418 2013 committere
437 1970 496 2009 non
514 1968 552 2013 au
569 1968 650 2021 eret,
672 1974 692 2013 v
710 1952 765 2011 die-

96 2034 132 2093 ad
149 2031 289 2092 Caesarem
305 2030 451 2120 revertitur
464 2052 475 2111 3
490 2050 606 2109 queque
620 2029 663 2091 ibi
679 2051 765 2108 pers·

95 2128 238 2191 pextsset,
256 2125 412 2169 renunciat.

139 2188 224 2251 XXI
234 2190 258 2249 1.
268 2188 388 2249 Dumin
399 2184 443 2246 his
452 2187 524 2247 locis
536 2186 630 2249 Caesar
639 2189 767 2249 navium·

98 2268 287 2350 parandarum
309 2287 392 2327 causa
415 2285 565 2334 moratur,
589 2286 628 2326 ex
652 2288 768 2347 magno

98 2368 179 2427 parte
200 2346 381 2407 Morinorum
405 2344 440 2403 ad
463 2366 531 2405 eum
554 2345 642 2426 legati
664 2366 758 2407 vene-

99 2445 186 2498 runt,
200 2427 247 2505 qui
265 2445 295 2485 se
313 2423 348 2483 de
363 2422 513 2500 superioris
530 2423 666 2501 temporis
683 2446 758 2485 con-

99 2509 164 2573 silio
181 2521 347 2567 excusarent
362 2524 373 2573 ;
387 2502 465 2584 quod
481 2500 613 2563 homines
627 2504 759 2572 barbari,

100 2604 130 2647 et
146 2604 248 2645 nostrae
265 2581 474 2643 consuetudinis
490 2581 633 2659 imperiti,
649 2584 769 2643 bellum·

99 2665 210 2743 populo
231 2662 320 2723 Rom.
340 2660 495 2729 fecissent,
516 2681 599 2736 seque
619 2679 675 2729 ea,
697 2682 761 2735 quse

100 2744 289 2821 imperasset,
310 2740 434 2801 facturos
455 2738 671 2819 pollicerentur,
690 2739 773 2801 Hoc,
