2000 3542
161 314 165 318 ·
217 286 254 366 5'6
313 279 818 364 cucurrmsctsuusrrs

165 501 169 508 ¹
215 431 505 516 populari'coeperinr.
516 436 571 496 His
584 435 742 507 mandarit,
755 459 822 499 eum
839 437 881 498 alr

214 533 245 574 se
270 515 396 577 dimittit.
420 517 573 595 Postquam
598 535 699 578 omnes
723 513 879 599 Belgarum·

216 593 314 670 copias
329 595 361 656 in
375 615 466 656 unum
483 608 596 679 coactas
612 597 647 656 ad
658 613 687 656 se
697 597 812 666 venire,
825 614 882 656 ne··

217 691 272 748 que
290 674 349 752 jam
371 677 458 756 longe
482 677 597 744 abesse,
613 679 649 734 ab
666 675 709 734 bis
733 696 805 752 quos
821 676 883 734 mi⁴

217 769 290 812 serat
313 755 539 832 exploratoribus
566 771 596 814 et
622 757 657 813 ab
682 753 800 813 Rhemis
826 773 885 812 cod

219 833 321 909 gnovit
343 856 358 907 3·
376 832 481 893 flumen
507 835 667 902 Axonam,
688 833 764 909 quod
784 849 828 892 est
847 832 880 891 in

219 912 353 970 extremis
374 911 553 972 Rhemorum
571 912 697 980 finibus,
719 913 881 972 exereitum

218 989 397 1052 transducere
417 991 598 1060 maturavit,
622 1006 706 1068 atque
727 990 768 1049 ibi
790 1007 885 1050 castra‘

219 1071 325 1146 posuit.
338 1068 411 1146 Quae
423 1087 483 1140 res,
501 1070 713 1130 etlatusunum
723 1083 886 1129 castrorum

220 1149 286 1226 ripis
301 1148 424 1210 fluminis
440 1149 607 1218 muniebat,
620 1165 650 1209 et
664 1165 730 1226 post
739 1169 806 1208 eum
819 1166 887 1225 quae·

221 1244 320 1300 erant,
333 1244 393 1288 tuta
403 1231 438 1288 ab
449 1227 575 1289 hostibus
585 1229 733 1308 reddebant
743 1243 788 1296 er,
799 1248 886 1287 com-

222 1324 332 1386 meatus
355 1310 390 1368 ab
410 1306 546 1377 Rhemis,
568 1306 737 1385 reliquisque
756 1305 884 1368 civitati-

221 1388 293 1454 bus,
312 1404 343 1447 ut
360 1388 418 1446 sine
431 1387 559 1464 periculo
573 1387 685 1446 adeum
696 1385 885 1462 portaripos-

221 1481 284 1534 set,
303 1463 452 1526 efficiebat.
471 1465 504 1524 In
520 1486 557 1525 eo
578 1464 696 1526 flumine
708 1485 784 1542 pons
802 1482 883 1524 erat:

222 1544 264 1604 ibi
284 1543 441 1621 ptaesidium
462 1544 544 1620 ponit
564 1564 575 1618 ς
594 1562 623 1606 et
644 1545 674 1603 in
695 1547 783 1604 altera
803 1561 889 1621 parte

223 1622 346 1684 fluminis
366 1621 407 1700 Q.
431 1623 575 1683 Titurium
599 1623 735 1684 Sabinum
755 1624 885 1702 legatum

223 1722 292 1762 cum
314 1720 359 1760 vt
384 1699 548 1764 cohortibus
569 1702 713 1781 relinquit.
735 1706 832 1762 Castra
852 1703 885 1762 in

223 1780 402 1842 altitudinem
409 1781 514 1859 pedum
522 1799 572 1840 1111
579 1781 886 1858 vallo,fossaquedu0-

223 1859 362 1941 deviginti
378 1861 482 1938 pedum
497 1861 608 1921 munire
626 1862 714 1937 jubet.

264 1939 325 2002 VI.
342 1941 389 2001 Ab
406 1940 471 2016 ipsis
487 1940 583 2000 castris
600 1940 735 2019 oppidum
750 1939 886 2001 Rhemo·

223 2037 299 2087 rum,
307 2018 425 2078 nomine
432 2017 744 2093 Bibrart,aberatmillia
752 2035 886 2096 passuum

226 2112 290 2157 nx.-
307 2095 335 2156 id
354 2114 394 2156 err
415 2095 520 2156 itinere·
534 2115 641 2178 magno
659 2097 768 2175 impetu
790 2099 889 2178 Belgae·

224 2193 390 2256 oppugnare
415 2192 571 2252 coeperunt.
589 2176 675 2258 AEgre
697 2196 733 2235 eo
756 2176 802 2236 die
822 2200 887 2238 sus·

223 2271 365 2316 tentatum
389 2271 441 2316 est.
467 2253 624 2315 Gallorum
649 2255 776 2326 eadem,
800 2275 891 2334 atque

224 2333 398 2415 Belgarum,
418 2335 593 2414 oppugnatio
609 2352 661 2396 est.
684 2333 725 2392 Hi
738 2373 748 2402 ‚
763 2334 813 2394 ubi
830 2336 887 2396 cir·

225 2415 367 2490 cumjecta
377 2414 556 2474 multitudine
570 2411 721 2473 hominurn
732 2412 801 2473 totis
811 2435 893 2474 moe-

227 2493 308 2552 nibus
328 2533 340 2561 ‚
360 2492 482 2569 undique
506 2493 538 2552 in
563 2513 678 2552 rnurum
701 2491 806 2568 lapides
829 2494 887 2571 jaci

157 2618 160 2623 .
204 2584 210 2598 ·
226 2572 320 2656 coepti'
332 2588 414 2634 sunt.
432 2587 584 2647 murusque
595 2569 785 2630 defensoribus
796 2574 895 2633 nuda··

222 2655 271 2706 ‘tus
281 2658 341 2713 est,
357 2646 493 2708 testudine
505 2647 600 2718 facta,
618 2651 706 2728 portis
716 2650 890 2723 succedunt,-

227 2745 395 2806 mutuntque
405 2729 551 2794 subruunt.
562 2726 652 2809 Quod
668 2728 823 2793 numfacile
833 2731 887 2802 lie-¹
