2000 3542
267 309 621 393 Essemus.
744 317 782 388 ix

9 501 13 560 ‚i
105 477 133 552 si
150 479 276 576 quibus
299 483 334 554 in
353 483 506 556 manibus
527 485 593 565 sit,
612 478 707 554 haud
716 479 784 552 alio

10 633 11 638 η
102 577 227 674 legunt
244 573 336 662 fine,
358 581 517 678 quamob
537 580 692 652 eximiam
705 577 782 648 Ro-

103 699 213 746 manae
228 673 351 781 linguae
363 678 544 774 puritatem
560 727 570 759 ‚
584 676 782 748 verborum

104 795 174 868 que
199 773 440 868 proprietatem
462 797 648 846 summam:
679 795 781 866 super

104 893 179 964 quo
204 890 280 940 ante
295 893 357 942 nos
364 877 439 942 'non
460 870 564 943 semei
578 870 699 942 summi
716 869 780 939 viri

104 988 185 1036 sunt
201 968 378 1062 conquesti
392 994 424 1034 a.
438 967 526 1040 Sane
537 993 633 1040 exeo
645 967 780 1036 haurire

104 1085 158 1134 est
172 1063 389 1134 maximarum
409 1085 445 1136 et
458 1061 705 1136 utilissimarum
724 1087 780 1133 re·

104 1185 182 1250 rum
206 1160 363 1255 copiam:
389 1185 490 1258 quam
514 1162 573 1257 qui
597 1159 781 1234 verborum

104 1255 433 1354 elegantia'contenti
445 1257 646 1354 negligunt,
670 1256 782 1325 minus

104 1354 207 1424 etiam
227 1354 337 1449 pueris
360 1356 516 1450 sapiunt,
560 1356 596 1428 ui
607 1377 780 1449 nunquam

102 1450 152 1522 ita
165 1476 199 1522 se
207 1449 336 1522 arboris
344 1447 522 1524 frondibus
530 1477 553 1524 ο
578 1450 754 1524 lectabunt
766 1498 780 1532 ,

104 1569 144 1618 ut
156 1547 312 1643 egregios
320 1552 393 1642 ejus
402 1545 531 1621 fructus
549 1569 780 1621 contemnant.

106 1642 250 1732 Quodsi
262 1644 344 1741 quid
358 1647 391 1715 in
402 1645 610 1721 nobilissimo
616 1646 780 1741 scriptore

105 1738 314 1836 culpandum
338 1741 511 1827 videatur,
530 1743 597 1815 hoc
616 1767 720 1813 unum
739 1739 780 1812 il·

105 1835 168 1909 lud
178 1835 279 1908 fuerit
290 1889 301 1921 ‚
313 1838 407 1934 quod
419 1841 453 1912 in
467 1842 505 1912 iis
520 1891 530 1922 ,
544 1864 620 1936 quae
630 1843 703 1935 jure
717 1862 781 1933 op-

104 1936 192 2006 timo
218 1935 428 2008 'verterentur
455 1937 610 2019 civitio,
645 1935 783 2031 Harpo-

106 2055 236 2105 cratem
256 2055 334 2129 agat
351 2032 405 2106 vel
423 2034 636 2132 Sigaleonem
648 2031 783 2131 AEgyp·

106 2129 204 2201 tium.
231 2125 286 2200 Ita
308 2130 341 2200 in
362 2131 467 2202 tertio
490 2129 655 2203 debello
676 2128 781 2202 Civili

107 2229 123 2315 <
139 2223 424 2322 quemadmodum
444 2251 479 2300 et
490 2226 582 2324 apud
602 2229 781 2320 Hirtium)

105 2317 212 2394 altum
224 2320 267 2393 de
278 2347 319 2394 eo
331 2321 498 2395 silentium
507 2347 579 2409 est,
597 2322 692 2422 quod
702 2323 783 2396 Cae-

106 2441 161 2492 sar
177 2419 211 2488 in
227 2418 310 2490 urbe
321 2418 554 2493 Alexandrina
564 2421 723 2494 adversus
733 2423 782 2494 ci·

100 2535 167 2590 ves
180 2540 352 2612 pugnans,
368 2540 448 2592 utse
458 2519 669 2603 tueretu1,in
679 2543 784 2591 naves

148 2674 165 2712 a
176 2647 233 2713 Eos
245 2649 320 2713 ihte'r
332 2645 630 2740 Casaubonuspraefat.
640 2655 671 2716 in
680 2619 783 2727 Polybi
836 2737 842 2746 Ι

105 2722 307 2798 adHenric'um
317 2729 469 2814 Magnum.
609 2811 681 2884 hm

186 2847 189 2852 ·
648 2834 684 2908 η]
