2000 3542
168 371 170 375 ,
243 329 283 397 98
324 322 821 394 C.J.CnsrrtrsComnrur.

243 467 395 528 bominum
412 461 591 526 multitudine
608 461 717 522 bellum
733 470 905 544 'gerereco-

242 561 355 606 uantur.
380 543 476 605 Duces
501 562 571 603 vero
595 542 625 600 ii·
642 541 828 622 deliguntur,
855 543 904 620 qui

241 645 384 686 unacum
402 621 443 700 Q.
462 621 589 683 Sertorio
611 633 711 680 ornnes
730 633 820 681 annos
837 623 902 682 fue-

241 719 305 768 rant
320 743 330 773 ‚
342 715 541 780 summamque
552 701 701 763 scientiam
718 700 759 759 rei
774 701 906 762 militaris

241 783 346 844 habere
371 782 612 844 existimabantur.
634 779 676 840 Hi
701 781 905 842 consuetudine

241 862 342 944 populi
354 862 443 921 Rom.
456 862 521 920 loca
531 879 632 936 capere
643 900 654 928 ,
671 878 761 919 castra
774 861 903 929 munire,

240 939 449 1002 commeatibus
473 956 585 999 nostros
613 938 799 998 intercludere
820 938 905 998 insti-

240 1037 333 1082 tuunt.
361 1017 451 1098 Quod
471 1018 520 1079 ubi
544 1017 659 1079 Crassus
680 1016 904 1088 animadvertit,

240 1119 302 1165 suas
319 1099 415 1176 copias
427 1113 543 1176 propter
552 1096 739 1177 exiguitatem
749 1114 809 1156 non
820 1097 905 1158 facile

240 1178 351 1247 diduci,
363 1175 476 1236 hostem
486 1177 638 1256 mungeri,
649 1192 679 1234 et
689 1177 750 1237 vias
759 1176 904 1246 obsidere,

156 1311 162 1322 .
240 1275 271 1320 et
282 1257 378 1320 castris
388 1255 452 1318 satis
463 1256 582 1334 presidii
591 1254 748 1332 relinquere
761 1275 771 1326 3
782 1256 824 1314 ob⁴
838 1275 905 1319 eam

240 1354 357 1400 causam
383 1337 477 1400 minus
507 1333 661 1406 commode
684 1335 867 1408 ,fiumenrum
891 1375 903 1403 ,

240 1432 492 1490 commeatumque
511 1414 564 1473 sibi
584 1415 741 1491 supportari
762 1433 773 1486 ς
795 1415 826 1472 in
846 1413 906 1480 dies

225 1487 367 1560 'bostium
384 1513 535 1555 numerum
550 1494 672 1574 augeri3
691 1513 750 1552 non
767 1509 906 1556 cunctan-

242 1575 310 1634 dum
328 1571 522 1640 existimavit,
542 1575 613 1648 quin
628 1593 724 1658 pugna
738 1572 919 1635 decertaret.'

241 1653 308 1712 Hac
323 1670 354 1711 re
375 1650 411 1710 ad
429 1651 584 1717 consilium
602 1651 716 1722 delata,
734 1652 785 1712 ubi
804 1662 907 1711 omnes

240 1732 317 1792 idern
340 1731 442 1790 sentire
464 1731 638 1802 intellexit,
661 1739 807 1810 posterum
827 1731 907 1810 diem

240 1832 279 1891 pu
300 1828 341 1872 na
357 1809 514 1878 constituit.
757 1844 761 1852 2

280 1831 425 1951 ileV.¹
435 1889 606 1967 Prima'luce
620 1888 763 1967 productis
772 1889 907 1950 omnibus

242 1971 353 2049 copiis,
370 1967 475 2046 duplici
493 1969 555 2031 acie
577 1970 723 2037 instituta,
746 1969 857 2034 auxiliis
874 1970 906 2028 in

242 2049 368 2111 mediam
377 2048 470 2108 aciem
478 2049 637 2127 conjectis,
648 2048 715 2126 quid
727 2045 821 2120 hostes
834 2069 909 2108 con·-

242 2129 298 2190 silii
312 2144 445 2202 caperent
457 2165 466 2195 ‚
478 2130 670 2205 exspectabat.
686 2129 751 2197 mi,
768 2129 821 2186 etsi
836 2149 907 2206 pro-

242 2224 306 2288 pter
322 2205 552 2274 multitudinem,
566 2225 732 2268 etveterem
750 2207 818 2267 belli
834 2208 906 2288 glo-
987 2206 992 2222 “

243 2287 337 2354 riam,
354 2285 582 2362 paucitatemque
601 2303 781 2362 nostrorum.
796 2303 825 2345 se
841 2303 908 2358 tuto

242 2365 424 2426 dimicaturos
445 2365 645 2426 existimabant
668 2386 678 2437 ς
703 2375 799 2424 tamen
821 2366 908 2426 tutius

243 2464 304 2512 esse
313 2443 532 2515 arbitrabantur,
545 2446 663 2506 obsessis
672 2445 742 2513 viis,
753 2464 916 2505 commea·=
990 2438 991 2453 ¹

243 2541 276 2584 tu
296 2523 469 2592 intercluso,
490 2523 552 2590 sine
569 2525 635 2584 ullo
648 2525 767 2587 vulnere
783 2523 917 2584 victoria

245 2602 332 2682 potiri
353 2619 410 2661 :et
426 2641 437 2671 ‚
456 2601 480 2668 si
499 2618 614 2681 propter
632 2603 761 2680 inopiam
783 2603 825 2662 rei
842 2603 906 2662 fru‘

246 2680 389 2742 mensariis
400 2681 526 2742 Romani
534 2683 728 2760 s‘eserecipere
739 2683 905 2760 coepissent,
986 2696 992 2725 ⁴

244 2760 401 2842 impeditos
418 2761 555 2845 agmine,
576 2779 605 2822 et
622 2765 674 2827 sub
699 2762 813 2856 sarcinis
830 2761 906 2827 inse*
