2000 3542
226 320 289 385 aaz
310 324 823 396 c.J.cnssnn1sc0nn1nn.

232 482 279 527 uos
297 462 392 525 Caesar
406 462 627 533 collocaverat,
646 462 799 544 AEduisque
819 458 921 529 attri-¹

222 546 349 612 -buerat,
357 562 524 629 oppugnare
535 542 665 605 instituit.

222 666 226 671 -
272 620 315 684 X.
327 621 466 705 Magnam
482 622 542 683 baec
559 641 604 683 res
626 621 731 685 Caesari
746 618 908 686 difficulta-

223 717 295 764 tem
305 703 341 763 ad
357 701 509 765 eonsilium
521 701 691 779 capiendum
701 701 860 764 afferebat:
884 701 912 765 si

233 782 376 861 reliquam
394 798 506 862 partem
524 780 627 843 hiemis
642 802 703 843 uno
721 784 750 842 in
769 782 840 842 loco
861 784 911 842 le·
992 806 993 867 j

232 859 910 944 gionescontinetetme,stipendiariisAEduo-

228 961 300 1003 sum
316 942 500 1026 erapugnatis,
520 959 622 1002 cuncta
637 937 738 1001 Gallia
746 940 907 1011 deficeret,
992 964 993 967 ¹

156 1060 161 1068 ›
227 1020 313 1098 :qnod
324 1022 439 1083 nullum
450 1020 480 1080 in
492 1040 529 1081 eo
542 1020 641 1081 amieis
656 1019 815 1097 praesidium
824 1020 913 1082 vide·

229 1117 313 1164 uetur
330 1101 455 1178 positum
473 1118 556 1169 esse3
577 1099 621 1159 sin
644 1098 780 1159 manitius
798 1120 836 1160 ex
857 1100 911 1159 hi-

220 1182 330 1241 ·bemis
348 1180 497 1248 educeret,
515 1196 551 1238 ne
569 1181 644 1239 abre
653 1177 838 1239 frumentaria
853 1180 910 1241 du·

236 1258 277 1322 tis
290 1259 520 1321 subvectionibus
543 1256 695 1319 laboraret.
714 1256 848 1321 Praestare
864 1258 913 1321 vi.
990 1288 994 1309 ⁴

238 1360 303 1402 eum
313 1355 462 1401 esttamen
477 1354 578 1399 omnes
588 1333 765 1399 difficultates
774 1339 909 1417 perpeti,

224 1431 339 1495 ‘quam
349 1434 427 1481 tanta
438 1416 615 1479 contumelia
623 1433 759 1493 accepta,
773 1419 910 1480 omnium

237 1519 358 1561 suorum
368 1497 531 1561 voluntates
545 1496 681 1557 alienare.
690 1496 792 1575 ltaque
800 1495 911 1559 conon

239 1594 313 1639 tatus
327 1575 436 1638 AEduos
450 1575 486 1634 de
505 1573 696 1653 supportando
715 1594 906 1647 commeatu

239 1655 384 1735 praemittit
398 1656 434 1715 ad
451 1656 539 1715 Boios
558 1692 568 1723 ‚
595 1655 644 1733 qui
659 1654 693 1715 de
712 1676 765 1716 suo
780 1656 908 1719 adventu

238 1732 905 1813 doceant,hotrenturqueutinfidemaneant3
994 1778 995 1787 ,

241 1833 329 1907 atque
352 1812 480 1877 hostiurn
500 1814 642 1893 impetum
671 1834 778 1953 mapno
805 1814 908 1877 animo
994 1822 995 1851 ³

241 1914 407 1957 sustineam.
425 1894 544 1955 Duabus
564 1893 706 1975 Agendici
734 1893 906 1987 egionibus‚

243 1992 328 2055 unque
344 1974 554 2054 impedimentis
567 1974 655 2035 totius
673 1992 811 2035 exercitus
823 1974 907 2035 relic·
994 2008 995 2051 3

240 2056 296 2124 tis,
307 2054 341 2115 ad
353 2055 442 2117 Βοῖος
455 2052 654 2131 proficiscitur.

283 2133 348 2195 XI.
365 2135 469 2195 Altero
478 2134 525 2193 die
536 2152 602 2194 cum
613 2132 647 2192 ad
659 2130 796 2209 oppidum
811 2130 908 2193 Seno·

243 2232 315 2278 num
325 2212 582 2275 Vellaunodunum
601 2210 724 2275 venisset
733 2252 744 2280 ,
762 2230 799 2271 ne
820 2228 908 2289 quern

242 2311 310 2374 post
325 2309 355 2352 se
375 2291 487 2353 hostem
503 2292 675 2368 relinqueret
687 2330 697 2359 ‚
711 2311 769 2368 quo
788 2292 909 2368 expedi-

245 2375 319 2439 tiore
343 2391 375 2433 re
389 2371 573 2433 frumentaria
592 2388 734 2440 uteretur,
759 2390 909 2452 oppugna·

247 2473 279 2515 te
299 2452 437 2512 instituite
448 2451 534 2529 idque
551 2449 639 2511 biduo
657 2449 908 2526 circumvallavitg

245 2530 332 2595 tertio
351 2530 397 2592 die
414 2530 505 2591 missis
520 2550 556 2591 ex
577 2528 682 2609 oppido
694 2528 794 2611 legatis
805 2528 842 2589 de
858 2529 910 2593 do·

243 2610 375 2679 ditione,
385 2631 464 2671 arma
475 2610 594 2688 proferri
605 2650 615 2680 ‚
625 2608 756 2682 iumenta
766 2608 883 2687 produci
896 2651 908 2684 ,

249 2712 291 2755 uc
308 2689 418 2752 obsides
434 2689 494 2750 dari
511 2690 599 2768 jubet.
611 2688 654 2751 Ea
671 2686 911 2767 quinconfieeret,

246 2772 288 2837 C.
300 2769 481 2835 Trebonium
495 2770 624 2852 legatum
632 2766 777 2851 relinquit.
784 2768 846 2848 Ipse
857 2794 912 2842 ‚ut
