2000 3542
146 327 676 398 ntBettoGnttrcolrnl.
714 347 752 413 35

112 475 279 540 XXXIX.
293 473 376 539 Duru
388 495 496 555 paucos
508 477 570 540 dies
584 479 621 540 ad
639 478 755 542 Veton⁴

73 556 199 618 tionem
218 597 229 627 ,
248 559 291 618 rei
310 557 500 618 stumemriae
515 575 752 636 commeatusque

73 657 193 706 cauta,
211 653 359 707 moratur,
377 657 415 699 ex
430 637 663 716 percunctatione
678 657 751 698 non-

72 733 221 786 trorntn,
238 714 413 794 voerltusqne
428 714 603 785 Gallorum,
619 737 655 778 ac
669 737 751 777 mer-

73 811 237 864 oetontm,
251 795 301 873 qui
313 794 424 878 ingenti
436 795 632 887 magnitudine
644 815 752 873 eorpo-

74 893 151 936 rum
166 872 348 944 Germanos,
361 873 520 935 incredibrli
530 876 651 943 virtute,
666 891 753 952 atque

76 952 292 1015 exercitatione
312 953 344 1012 in
362 953 448 1015 ermis
465 971 525 1014 enne
542 954 750 1032 przdietbant,

77 1051 282 1111 npenuntero
301 1051 361 1094 tete
380 1051 448 1093 cum
469 1031 505 1092 iis
526 1053 692 1116 congressos
712 1044 752 1093 ne

77 1113 201 1174 vultum
223 1110 358 1188 quidem,
381 1127 465 1189 atque
483 1112 578 1172 etiem
598 1113 751 1173 oculorum

76 1191 160 1252 ferre
170 1191 311 1268 madeo,
322 1207 416 1250 tantus
424 1189 519 1250 subito
532 1192 621 1250 tirnor
630 1211 752 1251 omnent

79 1269 247 1332 exercitum
262 1269 432 1347 occupavit,
447 1285 480 1329 ut
494 1289 555 1329 non
570 1269 754 1330 mediocriter

83 1348 224 1411 omnium
248 1365 357 1410 mentes
375 1348 543 1425 animosque
568 1350 754 1426 perturbaret.

82 1427 148 1492 Hic
160 1427 287 1506 primum
301 1445 379 1489 ortus
391 1445 433 1489 est
444 1447 461 1487 a
474 1427 593 1488 tribunis
607 1427 752 1498 militum,

82 1529 124 1569 ac
144 1507 302 1586 praefectis,
322 1508 512 1586 reliquisque,
532 1509 633 1584 quiex
653 1509 723 1567 urbe
739 1540 751 1577 ,

83 1587 223 1649 amicitie
231 1607 333 1656 causa,
346 1586 488 1647 Cesaretn
496 1587 600 1656 secuti,
615 1607 754 1668 magnum

83 1666 251 1746 periculum
270 1665 492 1736 miserabantur,
510 1666 587 1743 qnod
606 1685 667 1724 non
687 1685 754 1725 ma-

85 1767 182 1830 gnum
191 1745 222 1805 in
244 1765 273 1806 re
285 1745 494 1814 militariumm
508 1743 659 1807 habebant.
669 1743 756 1822 Quo-

86 1845 157 1887 rum
177 1823 269 1894 alius,
288 1825 344 1885 alia
370 1845 453 1884 causa
474 1825 575 1892 illata,
595 1845 681 1900 quam
701 1823 755 1884 sibi

86 1903 127 1967 ad
145 1903 382 1984 proficisoendum
399 1903 585 1964 necessariam
599 1921 658 1961 este
674 1900 756 1960 dice-

49 2057 54 2060 ,
87 2000 157 2054 tet,
175 1983 309 2062 petebat,
326 1999 357 2043 ut
373 1982 433 2060 ejus
449 1982 599 2042 voluntate
615 1979 757 2040 discedere

88 2063 193 2126 liceret
209 2083 218 2135 ς
235 2061 368 2122 nonnulli
391 2059 499 2140 pudore
518 2059 651 2128 adducti,
675 2075 708 2120 ut
720 2059 755 2118 ti·

89 2143 184 2203 moris
199 2141 389 2218 suspicionem
405 2141 543 2214 vitarent,
562 2140 755 2200 remanebantt

91 2221 137 2281 Hi
147 2240 240 2299 neque
253 2221 364 2280 vultum
373 2220 498 2302 lingere,
511 2239 603 2295 neque
615 2219 757 2279 interdum

53 2330 57 2336 .
91 2300 228 2362 lacrimas
243 2315 339 2360 tenete
353 2316 484 2377 poterant
497 2297 605 2358 :abditi
621 2298 650 2356 in
664 2300 759 2357 taber·

92 2379 205 2440 natulis
222 2395 271 2438 aut
287 2399 368 2439 suum
383 2379 473 2438 fatum
487 2379 694 2454 querebantur,
708 2389 759 2436 aut

94 2479 165 2520 curn
181 2457 365 2518 familiaribus
373 2457 428 2518 suis
437 2476 593 2517 commune
600 2456 758 2533 periculum

94 2538 312 2599 miserabantur.
320 2536 418 2616 Vulgo
429 2535 496 2596 totis
506 2537 602 2595 castris
608 2551 761 2596 testamen-

96 2632 128 2679 ta
154 2615 383 2700 obsignabantur.
405 2605 526 2676 Horum
549 2615 667 2679 vocibus
687 2641 703 2683 ,·
722 2630 759 2676 ae

95 2695 203 2757 timore
231 2694 369 2773 paulatim
389 2695 475 2754 etiam
493 2694 536 2764 ii,
555 2692 604 2771 qui
620 2703 760 2775 magnum*
810 2695 814 2700 ’

97 2776 131 2840 in
149 2773 245 2840 castris
258 2795 341 2840 usum
358 2772 520 2846 habebunt,
540 2772 667 2843 milites,
688 2791 761 2834 cen-⁴
