<?xml version="1.0" encoding="UTF-8"?>
<!DOCTYPE html PUBLIC "-//W3C//DTD XHTML 1.0 Transitional//EN"
    "http://www.w3.org/TR/xhtml1/DTD/xhtml1-transitional.dtd">
<html xmlns="http://www.w3.org/1999/xhtml" xml:lang="en" lang="en">
 <head>
  <title>
</title>
<meta http-equiv="Content-Type" content="text/html;charset=utf-8" />
  <meta name='ocr-system' content='tesseract 3.04.00' />
  <meta name='ocr-capabilities' content='ocr_page ocr_carea ocr_par ocr_line ocrx_word'/>
</head>
<body>
  <div class='ocr_page' id='page_1' title='image "./cjuliicaesarisq01hirtgoog_0235.png"; bbox 0 0 2000 3542; ppageno 0'>
   <div class='ocr_carea' id='block_1_1' title="bbox 243 357 815 427">
    <p class='ocr_par' dir='ltr' id='par_1_1' title="bbox 243 357 815 427">
     <span class='ocr_line' id='line_1_1' title="bbox 243 357 815 427; baseline 0.016 -10"><span class='ocrx_word' id='word_1_1' title='bbox 243 375 298 420; x_wconf 85' lang='lat'>202</span> <span class='ocrx_word' id='word_1_2' title='bbox 326 357 815 427; x_wconf 63' lang='lat' dir='ltr'>cuensrnrsconnmr.</span> 
     </span>
    </p>
   </div>
   <div class='ocr_carea' id='block_1_2' title="bbox 238 502 908 1779">
    <p class='ocr_par' dir='ltr' id='par_1_2' title="bbox 241 502 904 586">
     <span class='ocr_line' id='line_1_2' title="bbox 241 502 904 586; baseline 0 -24"><span class='ocrx_word' id='word_1_3' title='bbox 241 502 397 576; x_wconf 81' lang='lat' dir='ltr'>exercitu,</span> <span class='ocrx_word' id='word_1_4' title='bbox 418 521 528 584; x_wconf 85' lang='lat' dir='ltr'>partem</span> <span class='ocrx_word' id='word_1_5' title='bbox 547 505 679 570; x_wconf 86' lang='lat' dir='ltr'>ultimam</span> <span class='ocrx_word' id='word_1_6' title='bbox 695 503 817 586; x_wconf 85' lang='lat' dir='ltr'>pontis,</span> <span class='ocrx_word' id='word_1_7' title='bbox 838 522 904 580; x_wconf 70' lang='lat' dir='ltr'>qua</span> 
     </span>
    </p>

    <p class='ocr_par' dir='ltr' id='par_1_3' title="bbox 238 579 908 1779">
     <span class='ocr_line' id='line_1_3' title="bbox 239 579 903 678; baseline 0.002 -37"><span class='ocrx_word' id='word_1_8' title='bbox 239 579 313 661; x_wconf 80' lang='lat' dir='ltr'>ripas</span> <span class='ocrx_word' id='word_1_9' title='bbox 324 584 470 645; x_wconf 86' lang='lat' dir='ltr'>Ubiorum</span> <span class='ocrx_word' id='word_1_10' title='bbox 483 588 684 678; x_wconf 77' lang='lat' dir='ltr'>contingebat,</span> <span class='ocrx_word' id='word_1_11' title='bbox 700 587 729 646; x_wconf 92' lang='lat' dir='ltr'>in</span> <span class='ocrx_word' id='word_1_12' title='bbox 743 581 903 666; x_wconf 77' lang='lat' dir='ltr'>longitudi-</span> 
     </span>
     <span class='ocr_line' id='line_1_4' title="bbox 240 664 905 746; baseline -0.003 -25"><span class='ocrx_word' id='word_1_13' title='bbox 240 671 308 746; x_wconf 75' lang='lat' dir='ltr'>llem</span> <span class='ocrx_word' id='word_1_14' title='bbox 325 664 430 740; x_wconf 89' lang='lat' dir='ltr'>pedum</span> <span class='ocrx_word' id='word_1_15' title='bbox 446 685 483 725; x_wconf 88' lang='lat' dir='ltr'>cc</span> <span class='ocrx_word' id='word_1_16' title='bbox 497 705 508 735; x_wconf 93' lang='lat'>,</span> <span class='ocrx_word' id='word_1_17' title='bbox 524 665 677 738; x_wconf 73' lang='lat' dir='ltr'>rescindit,</span> <span class='ocrx_word' id='word_1_18' title='bbox 699 682 783 742; x_wconf 87' lang='lat' dir='ltr'>atque</span> <span class='ocrx_word' id='word_1_19' title='bbox 803 664 835 722; x_wconf 91' lang='lat' dir='ltr'>in</span> <span class='ocrx_word' id='word_1_20' title='bbox 848 680 905 720; x_wconf 83' lang='lat' dir='ltr'>cx·</span> 
     </span>
     <span class='ocr_line' id='line_1_5' title="bbox 240 744 905 820; baseline 0.003 -22"><span class='ocrx_word' id='word_1_21' title='bbox 240 753 334 802; x_wconf 87' lang='lat' dir='ltr'>tremo</span> <span class='ocrx_word' id='word_1_22' title='bbox 345 760 434 820; x_wconf 88' lang='lat' dir='ltr'>ponte</span> <span class='ocrx_word' id='word_1_23' title='bbox 448 744 547 804; x_wconf 88' lang='lat' dir='ltr'>turrim</span> <span class='ocrx_word' id='word_1_24' title='bbox 562 745 752 808; x_wconf 83' lang='lat' dir='ltr'>tabulatorum</span> <span class='ocrx_word' id='word_1_25' title='bbox 765 762 799 805; x_wconf 77' lang='lat' dir='ltr'>ru</span> <span class='ocrx_word' id='word_1_26' title='bbox 817 759 905 800; x_wconf 84' lang='lat' dir='ltr'>cons-</span> 
     </span>
     <span class='ocr_line' id='line_1_6' title="bbox 242 819 902 901; baseline 0.002 -25"><span class='ocrx_word' id='word_1_27' title='bbox 242 819 334 890; x_wconf 91' lang='lat' dir='ltr'>tituit,</span> <span class='ocrx_word' id='word_1_28' title='bbox 352 821 564 901; x_wconf 74' lang='lat' dir='ltr'>praesidiumque</span> <span class='ocrx_word' id='word_1_29' title='bbox 581 822 742 884; x_wconf 87' lang='lat' dir='ltr'>cohortium</span> <span class='ocrx_word' id='word_1_30' title='bbox 757 839 807 882; x_wconf 78' lang='lat' dir='ltr'>nu</span> <span class='ocrx_word' id='word_1_31' title='bbox 822 839 902 897; x_wconf 89' lang='lat' dir='ltr'>pon-</span> 
     </span>
     <span class='ocr_line' id='line_1_7' title="bbox 241 898 906 980; baseline 0 -23"><span class='ocrx_word' id='word_1_32' title='bbox 241 898 277 958; x_wconf 79' lang='lat' dir='ltr'>tis</span> <span class='ocrx_word' id='word_1_33' title='bbox 293 901 390 960; x_wconf 87' lang='lat' dir='ltr'>tuendi</span> <span class='ocrx_word' id='word_1_34' title='bbox 408 921 490 962; x_wconf 89' lang='lat' dir='ltr'>causa</span> <span class='ocrx_word' id='word_1_35' title='bbox 508 903 619 980; x_wconf 82' lang='lat' dir='ltr'>ponit3</span> <span class='ocrx_word' id='word_1_36' title='bbox 648 923 695 963; x_wconf 89' lang='lat' dir='ltr'>ma</span> <span class='ocrx_word' id='word_1_37' title='bbox 736 901 814 978; x_wconf 84' lang='lat' dir='ltr'>isque</span> <span class='ocrx_word' id='word_1_38' title='bbox 830 911 906 958; x_wconf 78' lang='lat' dir='ltr'>eum</span> 
     </span>
     <span class='ocr_line' id='line_1_8' title="bbox 241 976 905 1055; baseline 0.003 -19"><span class='ocrx_word' id='word_1_39' title='bbox 241 976 340 1037; x_wconf 88' lang='lat' dir='ltr'>locum</span> <span class='ocrx_word' id='word_1_40' title='bbox 354 979 559 1042; x_wconf 85' lang='lat' dir='ltr'>munitionibus</span> <span class='ocrx_word' id='word_1_41' title='bbox 572 980 678 1042; x_wconf 85' lang='lat' dir='ltr'>firmat.</span> <span class='ocrx_word' id='word_1_42' title='bbox 723 981 733 1040; x_wconf 92' lang='lat' dir='ltr'>i</span> <span class='ocrx_word' id='word_1_43' title='bbox 746 980 815 1039; x_wconf 92' lang='lat' dir='ltr'>loco</span> <span class='ocrx_word' id='word_1_44' title='bbox 826 996 905 1055; x_wconf 80' lang='lat' dir='ltr'>prae-</span> 
     </span>
     <span class='ocr_line' id='line_1_9' title="bbox 240 1055 902 1134; baseline -0.005 -18"><span class='ocrx_word' id='word_1_45' title='bbox 240 1055 366 1134; x_wconf 84' lang='lat' dir='ltr'>sidioque</span> <span class='ocrx_word' id='word_1_46' title='bbox 377 1055 414 1120; x_wconf 86' lang='lat' dir='ltr'>C.</span> <span class='ocrx_word' id='word_1_47' title='bbox 424 1055 592 1121; x_wconf 89' lang='lat' dir='ltr'>Volcatium</span> <span class='ocrx_word' id='word_1_48' title='bbox 603 1059 723 1121; x_wconf 86' lang='lat' dir='ltr'>Tullum</span> <span class='ocrx_word' id='word_1_49' title='bbox 731 1059 902 1119; x_wconf 84' lang='lat' dir='ltr'>adolescen-</span> 
     </span>
     <span class='ocr_line' id='line_1_10' title="bbox 242 1134 906 1218; baseline 0 -24"><span class='ocrx_word' id='word_1_50' title='bbox 242 1151 301 1196; x_wconf 84' lang='lat' dir='ltr'>tem</span> <span class='ocrx_word' id='word_1_51' title='bbox 315 1137 453 1214; x_wconf 75' lang='lat' dir='ltr'>praefecitz</span> <span class='ocrx_word' id='word_1_52' title='bbox 470 1139 552 1218; x_wconf 86' lang='lat' dir='ltr'>ipse,</span> <span class='ocrx_word' id='word_1_53' title='bbox 569 1159 635 1200; x_wconf 90' lang='lat' dir='ltr'>cum</span> <span class='ocrx_word' id='word_1_54' title='bbox 646 1155 832 1199; x_wconf 85' lang='lat' dir='ltr'>maturescere</span> <span class='ocrx_word' id='word_1_55' title='bbox 843 1134 906 1194; x_wconf 83' lang='lat' dir='ltr'>fru-</span> 
     </span>
     <span class='ocr_line' id='line_1_11' title="bbox 242 1212 907 1296; baseline -0.002 -23"><span class='ocrx_word' id='word_1_56' title='bbox 242 1231 338 1276; x_wconf 85' lang='lat' dir='ltr'>menta</span> <span class='ocrx_word' id='word_1_57' title='bbox 357 1215 530 1296; x_wconf 86' lang='lat' dir='ltr'>inciperent,</span> <span class='ocrx_word' id='word_1_58' title='bbox 550 1219 584 1278; x_wconf 95' lang='lat' dir='ltr'>ad</span> <span class='ocrx_word' id='word_1_59' title='bbox 605 1219 712 1280; x_wconf 90' lang='lat' dir='ltr'>bellurn</span> <span class='ocrx_word' id='word_1_60' title='bbox 726 1212 907 1292; x_wconf 78' lang='lat' dir='ltr'>Ambiorigis</span> 
     </span>
     <span class='ocr_line' id='line_1_12' title="bbox 243 1295 906 1382; baseline 0.002 -28"><span class='ocrx_word' id='word_1_61' title='bbox 243 1295 411 1372; x_wconf 86' lang='lat' dir='ltr'>profectus,</span> <span class='ocrx_word' id='word_1_62' title='bbox 453 1315 485 1356; x_wconf 86' lang='lat' dir='ltr'>er</span> <span class='ocrx_word' id='word_1_63' title='bbox 500 1297 683 1358; x_wconf 81' lang='lat' dir='ltr'>Arduennam</span> <span class='ocrx_word' id='word_1_64' title='bbox 699 1297 799 1356; x_wconf 85' lang='lat' dir='ltr'>silvam</span> <span class='ocrx_word' id='word_1_65' title='bbox 815 1334 825 1363; x_wconf 94' lang='lat'>,</span> <span class='ocrx_word' id='word_1_66' title='bbox 842 1311 906 1382; x_wconf 69' lang='lat' dir='ltr'>quqc</span> 
     </span>
     <span class='ocr_line' id='line_1_13' title="bbox 244 1371 908 1454; baseline -0.002 -23"><span class='ocrx_word' id='word_1_67' title='bbox 244 1389 288 1434; x_wconf 80' lang='lat' dir='ltr'>esc</span> <span class='ocrx_word' id='word_1_68' title='bbox 303 1373 388 1433; x_wconf 83' lang='lat' dir='ltr'>torius</span> <span class='ocrx_word' id='word_1_69' title='bbox 440 1373 515 1437; x_wconf 82' lang='lat' dir='ltr'>alliae</span> <span class='ocrx_word' id='word_1_70' title='bbox 527 1375 667 1445; x_wconf 73' lang='lat' dir='ltr'>maxima,</span> <span class='ocrx_word' id='word_1_71' title='bbox 686 1371 815 1454; x_wconf 73' lang='lat' dir='ltr'>nequead</span> <span class='ocrx_word' id='word_1_72' title='bbox 831 1389 908 1452; x_wconf 83' lang='lat' dir='ltr'>rtpts</span> 
     </span>
     <span class='ocr_line' id='line_1_14' title="bbox 243 1445 907 1532; baseline 0 -20"><span class='ocrx_word' id='word_1_73' title='bbox 243 1445 337 1512; x_wconf 78' lang='lat' dir='ltr'>Rheni</span> <span class='ocrx_word' id='word_1_74' title='bbox 350 1449 511 1532; x_wconf 71' lang='lat' dir='ltr'>finibusque</span> <span class='ocrx_word' id='word_1_75' title='bbox 530 1453 702 1515; x_wconf 74' lang='lat' dir='ltr'>Treviromtn</span> <span class='ocrx_word' id='word_1_76' title='bbox 719 1452 756 1514; x_wconf 84' lang='lat' dir='ltr'>ud</span> <span class='ocrx_word' id='word_1_77' title='bbox 779 1449 907 1512; x_wconf 77' lang='lat' dir='ltr'>Nervios</span> 
     </span>
     <span class='ocr_line' id='line_1_15' title="bbox 238 1526 906 1628; baseline -0.003 -40"><span class='ocrx_word' id='word_1_78' title='bbox 238 1529 378 1610; x_wconf 78' lang='lat' dir='ltr'>pertinet,</span> <span class='ocrx_word' id='word_1_79' title='bbox 398 1531 571 1611; x_wconf 83' lang='lat' dir='ltr'>millibusque</span> <span class='ocrx_word' id='word_1_80' title='bbox 589 1532 705 1628; x_wconf 83' lang='lat' dir='ltr'>amplius</span> <span class='ocrx_word' id='word_1_81' title='bbox 720 1555 741 1593; x_wconf 89' lang='lat' dir='ltr'>n</span> <span class='ocrx_word' id='word_1_82' title='bbox 760 1530 790 1590; x_wconf 78' lang='lat' dir='ltr'>in</span> <span class='ocrx_word' id='word_1_83' title='bbox 810 1526 906 1608; x_wconf 85' lang='lat' dir='ltr'>longi-</span> 
     </span>
     <span class='ocr_line' id='line_1_16' title="bbox 242 1607 905 1690; baseline 0 -22"><span class='ocrx_word' id='word_1_84' title='bbox 242 1607 366 1668; x_wconf 83' lang='lat' dir='ltr'>tudinem</span> <span class='ocrx_word' id='word_1_85' title='bbox 372 1626 451 1690; x_wconf 83' lang='lat' dir='ltr'>putet</span> <span class='ocrx_word' id='word_1_86' title='bbox 461 1652 472 1679; x_wconf 90' lang='lat'>,</span> <span class='ocrx_word' id='word_1_87' title='bbox 482 1611 517 1670; x_wconf 90' lang='lat' dir='ltr'>L.</span> <span class='ocrx_word' id='word_1_88' title='bbox 529 1611 688 1674; x_wconf 78' lang='lat' dir='ltr'>Minucium</span> <span class='ocrx_word' id='word_1_89' title='bbox 700 1607 824 1684; x_wconf 80' lang='lat' dir='ltr'>Basilum</span> <span class='ocrx_word' id='word_1_90' title='bbox 834 1629 905 1670; x_wconf 84' lang='lat' dir='ltr'>cum</span> 
     </span>
     <span class='ocr_line' id='line_1_17' title="bbox 245 1687 904 1779; baseline 0.002 -35"><span class='ocrx_word' id='word_1_91' title='bbox 245 1687 327 1779; x_wconf 64' lang='lat' dir='ltr'>omni</span> <span class='ocrx_word' id='word_1_92' title='bbox 342 1687 465 1778; x_wconf 72' lang='lat' dir='ltr'>equltatu</span> <span class='ocrx_word' id='word_1_93' title='bbox 484 1691 647 1766; x_wconf 84' lang='lat' dir='ltr'>ptaemittit,</span> <span class='ocrx_word' id='word_1_94' title='bbox 674 1689 778 1768; x_wconf 85' lang='lat' dir='ltr'>siquid</span> <span class='ocrx_word' id='word_1_95' title='bbox 797 1687 904 1748; x_wconf 85' lang='lat' dir='ltr'>celcri-</span> 
     </span>
    </p>
   </div>
   <div class='ocr_carea' id='block_1_3' title="bbox 243 1767 906 1985">
    <p class='ocr_par' dir='ltr' id='par_1_4' title="bbox 243 1767 906 1985">
     <span class='ocr_line' id='line_1_18' title="bbox 243 1767 906 1905; baseline 0 -79"><span class='ocrx_word' id='word_1_96' title='bbox 243 1779 301 1826; x_wconf 88' lang='lat' dir='ltr'>tate</span> <span class='ocrx_word' id='word_1_97' title='bbox 319 1767 440 1838; x_wconf 87' lang='lat' dir='ltr'>runeris,</span> <span class='ocrx_word' id='word_1_98' title='bbox 460 1785 544 1847; x_wconf 84' lang='lat' dir='ltr'>atque</span> <span class='ocrx_word' id='word_1_99' title='bbox 561 1769 906 1905; x_wconf 61' lang='lat' dir='ltr'>opportunitatenempo·</span> 
     </span>
     <span class='ocr_line' id='line_1_19' title="bbox 244 1843 905 1985; baseline -0.002 -79"><span class='ocrx_word' id='word_1_100' title='bbox 244 1843 282 1906; x_wconf 83' lang='lat' dir='ltr'>ris</span> <span class='ocrx_word' id='word_1_101' title='bbox 295 1843 434 1923; x_wconf 86' lang='lat' dir='ltr'>prolicere</span> <span class='ocrx_word' id='word_1_102' title='bbox 448 1847 552 1985; x_wconf 73' lang='lat' dir='ltr'>possita</span> <span class='ocrx_word' id='word_1_103' title='bbox 564 1864 683 1918; x_wconf 91' lang='lat' dir='ltr'>monet,</span> <span class='ocrx_word' id='word_1_104' title='bbox 698 1866 731 1908; x_wconf 93' lang='lat' dir='ltr'>ut</span> <span class='ocrx_word' id='word_1_105' title='bbox 746 1848 827 1929; x_wconf 85' lang='lat' dir='ltr'>ignes</span> <span class='ocrx_word' id='word_1_106' title='bbox 860 1844 905 1906; x_wconf 90' lang='lat' dir='ltr'>eri</span> 
     </span>
    </p>
   </div>
   <div class='ocr_carea' id='block_1_4' title="bbox 241 1924 993 2878">
    <p class='ocr_par' dir='ltr' id='par_1_5' title="bbox 243 1924 905 2146">
     <span class='ocr_line' id='line_1_20' title="bbox 244 1924 905 2006; baseline 0.003 -22"><span class='ocrx_word' id='word_1_107' title='bbox 244 1924 381 1986; x_wconf 87' lang='lat' dir='ltr'>incastris</span> <span class='ocrx_word' id='word_1_108' title='bbox 394 1945 447 2004; x_wconf 89' lang='lat' dir='ltr'>pro</span> <span class='ocrx_word' id='word_1_109' title='bbox 467 1927 560 1996; x_wconf 89' lang='lat' dir='ltr'>ibcat,</span> <span class='ocrx_word' id='word_1_110' title='bbox 575 1948 677 2006; x_wconf 88' lang='lat' dir='ltr'>nequa</span> <span class='ocrx_word' id='word_1_111' title='bbox 693 1927 753 2006; x_wconf 79' lang='lat' dir='ltr'>ejus</span> <span class='ocrx_word' id='word_1_112' title='bbox 767 1925 905 1987; x_wconf 80' lang='lat' dir='ltr'>adventus</span> 
     </span>
     <span class='ocr_line' id='line_1_21' title="bbox 243 2003 903 2098; baseline 0.006 -36"><span class='ocrx_word' id='word_1_113' title='bbox 243 2005 344 2083; x_wconf 86' lang='lat' dir='ltr'>procul</span> <span class='ocrx_word' id='word_1_114' title='bbox 353 2003 595 2098; x_wconf 59' lang='lat' dir='ltr'>significationem</span> <span class='ocrx_word' id='word_1_115' title='bbox 606 2027 666 2068; x_wconf 89' lang='lat' dir='ltr'>sese</span> <span class='ocrx_word' id='word_1_116' title='bbox 675 2005 903 2068; x_wconf 84' lang='lat' dir='ltr'>confestimsub·</span> 
     </span>
     <span class='ocr_line' id='line_1_22' title="bbox 244 2081 458 2146; baseline 0.009 -4"><span class='ocrx_word' id='word_1_117' title='bbox 244 2103 273 2142; x_wconf 88' lang='lat' dir='ltr'>se</span> <span class='ocrx_word' id='word_1_118' title='bbox 292 2083 323 2142; x_wconf 91' lang='lat' dir='ltr'>ui</span> <span class='ocrx_word' id='word_1_119' title='bbox 331 2081 411 2146; x_wconf 78' lang='lat' dir='ltr'>dixit.</span> <span class='ocrx_word' id='word_1_120' title='bbox 456 2117 458 2124; x_wconf 25' lang='grc' dir='ltr'>κ</span> 
     </span>
    </p>

    <p class='ocr_par' dir='ltr' id='par_1_6' title="bbox 241 2155 993 2878">
     <span class='ocr_line' id='line_1_23' title="bbox 323 2155 904 2243; baseline -0.002 -22"><span class='ocrx_word' id='word_1_121' title='bbox 323 2159 401 2224; x_wconf 83' lang='lat' dir='ltr'>XX.</span> <span class='ocrx_word' id='word_1_122' title='bbox 422 2161 547 2234; x_wconf 84' lang='lat' dir='ltr'>Basilus,</span> <span class='ocrx_word' id='word_1_123' title='bbox 564 2180 595 2225; x_wconf 91' lang='lat' dir='ltr'>ut</span> <span class='ocrx_word' id='word_1_124' title='bbox 606 2155 774 2243; x_wconf 78' lang='lat' dir='ltr'>imperatum</span> <span class='ocrx_word' id='word_1_125' title='bbox 789 2177 847 2230; x_wconf 80' lang='lat' dir='ltr'>est,</span> <span class='ocrx_word' id='word_1_126' title='bbox 859 2159 904 2220; x_wconf 89' lang='lat' dir='ltr'>fa·</span> 
     </span>
     <span class='ocr_line' id='line_1_24' title="bbox 244 2236 901 2320; baseline -0.002 -20"><span class='ocrx_word' id='word_1_127' title='bbox 244 2236 309 2311; x_wconf 81' lang='lat' dir='ltr'>cit3</span> <span class='ocrx_word' id='word_1_128' title='bbox 334 2239 483 2312; x_wconf 84' lang='lat' dir='ltr'>celeriter,</span> <span class='ocrx_word' id='word_1_129' title='bbox 509 2260 663 2320; x_wconf 87' lang='lat' dir='ltr'>contraque</span> <span class='ocrx_word' id='word_1_130' title='bbox 684 2243 815 2304; x_wconf 87' lang='lat' dir='ltr'>omniurn</span> <span class='ocrx_word' id='word_1_131' title='bbox 835 2240 901 2316; x_wconf 86' lang='lat' dir='ltr'>opi·</span> 
     </span>
     <span class='ocr_line' id='line_1_25' title="bbox 243 2318 903 2411; baseline 0 -34"><span class='ocrx_word' id='word_1_132' title='bbox 243 2318 380 2388; x_wconf 87' lang='lat' dir='ltr'>nionem,</span> <span class='ocrx_word' id='word_1_133' title='bbox 398 2321 530 2382; x_wconf 86' lang='lat' dir='ltr'>confecto</span> <span class='ocrx_word' id='word_1_134' title='bbox 545 2321 662 2391; x_wconf 88' lang='lat' dir='ltr'>itinere,</span> <span class='ocrx_word' id='word_1_135' title='bbox 673 2323 779 2383; x_wconf 92' lang='lat' dir='ltr'>multos</span> <span class='ocrx_word' id='word_1_136' title='bbox 791 2319 903 2411; x_wconf 84' lang='lat' dir='ltr'>inagris</span> 
     </span>
     <span class='ocr_line' id='line_1_26' title="bbox 243 2397 993 2490; baseline -0.003 -33"><span class='ocrx_word' id='word_1_137' title='bbox 243 2397 424 2490; x_wconf 75' lang='lat' dir='ltr'>inopinantes</span> <span class='ocrx_word' id='word_1_138' title='bbox 438 2398 643 2479; x_wconf 71' lang='lat' dir='ltr'>deprehendite</span> <span class='ocrx_word' id='word_1_139' title='bbox 674 2420 773 2462; x_wconf 91' lang='lat' dir='ltr'>eorum</span> <span class='ocrx_word' id='word_1_140' title='bbox 794 2397 902 2460; x_wconf 77' lang='lat' dir='ltr'>indicio</span> <span class='ocrx_word' id='word_1_141' title='bbox 979 2431 993 2473; x_wconf 62' lang='lat'>.‘</span> 
     </span>
     <span class='ocr_line' id='line_1_27' title="bbox 244 2475 901 2562; baseline 0.005 -29"><span class='ocrx_word' id='word_1_142' title='bbox 244 2475 385 2552; x_wconf 75' lang='lat' dir='ltr'>adipsum</span> <span class='ocrx_word' id='word_1_143' title='bbox 402 2477 603 2562; x_wconf 79' lang='lat' dir='ltr'>Ambiorigem</span> <span class='ocrx_word' id='word_1_144' title='bbox 621 2479 781 2548; x_wconf 90' lang='lat' dir='ltr'>contendit,</span> <span class='ocrx_word' id='word_1_145' title='bbox 797 2499 853 2556; x_wconf 87' lang='lat' dir='ltr'>quo</span> <span class='ocrx_word' id='word_1_146' title='bbox 870 2477 901 2536; x_wconf 89' lang='lat' dir='ltr'>in</span> 
     </span>
     <span class='ocr_line' id='line_1_28' title="bbox 244 2553 901 2638; baseline 0.008 -25"><span class='ocrx_word' id='word_1_147' title='bbox 244 2553 314 2614; x_wconf 91' lang='lat' dir='ltr'>loco</span> <span class='ocrx_word' id='word_1_148' title='bbox 332 2573 398 2616; x_wconf 89' lang='lat' dir='ltr'>curn</span> <span class='ocrx_word' id='word_1_149' title='bbox 409 2557 507 2634; x_wconf 85' lang='lat' dir='ltr'>paucis</span> <span class='ocrx_word' id='word_1_150' title='bbox 524 2557 661 2638; x_wconf 87' lang='lat' dir='ltr'>equitibus</span> <span class='ocrx_word' id='word_1_151' title='bbox 672 2579 731 2620; x_wconf 91' lang='lat' dir='ltr'>esse</span> <span class='ocrx_word' id='word_1_152' title='bbox 746 2558 901 2618; x_wconf 86' lang='lat' dir='ltr'>dicebatur.</span> 
     </span>
     <span class='ocr_line' id='line_1_29' title="bbox 246 2631 903 2706; baseline 0.005 -14"><span class='ocrx_word' id='word_1_153' title='bbox 246 2631 374 2693; x_wconf 81' lang='lat' dir='ltr'>Multum</span> <span class='ocrx_word' id='word_1_154' title='bbox 385 2651 394 2702; x_wconf 72' lang='lat'>3</span> <span class='ocrx_word' id='word_1_155' title='bbox 406 2653 473 2696; x_wconf 87' lang='lat' dir='ltr'>cum</span> <span class='ocrx_word' id='word_1_156' title='bbox 490 2633 520 2694; x_wconf 78' lang='lat' dir='ltr'>iit</span> <span class='ocrx_word' id='word_1_157' title='bbox 539 2637 669 2698; x_wconf 89' lang='lat' dir='ltr'>omnibus</span> <span class='ocrx_word' id='word_1_158' title='bbox 689 2639 856 2706; x_wconf 88' lang='lat' dir='ltr'>rebus,tum</span> <span class='ocrx_word' id='word_1_159' title='bbox 871 2635 903 2695; x_wconf 89' lang='lat' dir='ltr'>in</span> 
     </span>
     <span class='ocr_line' id='line_1_30' title="bbox 244 2711 900 2794; baseline -0.002 -20"><span class='ocrx_word' id='word_1_160' title='bbox 244 2729 275 2774; x_wconf 85' lang='lat' dir='ltr'>re</span> <span class='ocrx_word' id='word_1_161' title='bbox 289 2711 405 2780; x_wconf 81' lang='lat' dir='ltr'>militari</span> <span class='ocrx_word' id='word_1_162' title='bbox 415 2713 528 2775; x_wconf 83' lang='lat' dir='ltr'>fortuna</span> <span class='ocrx_word' id='word_1_163' title='bbox 546 2732 648 2794; x_wconf 83' lang='lat' dir='ltr'>potest.</span> <span class='ocrx_word' id='word_1_164' title='bbox 665 2715 743 2776; x_wconf 88' lang='lat' dir='ltr'>Nam</span> <span class='ocrx_word' id='word_1_165' title='bbox 753 2716 824 2776; x_wconf 90' lang='lat' dir='ltr'>sicut</span> <span class='ocrx_word' id='word_1_166' title='bbox 837 2735 900 2773; x_wconf 87' lang='lat' dir='ltr'>tna-</span> 
     </span>
     <span class='ocr_line' id='line_1_31' title="bbox 241 2791 900 2878; baseline 0.011 -28"><span class='ocrx_word' id='word_1_167' title='bbox 241 2795 302 2874; x_wconf 75' lang='lat' dir='ltr'>gno</span> <span class='ocrx_word' id='word_1_168' title='bbox 317 2791 420 2856; x_wconf 87' lang='lat' dir='ltr'>accidit</span> <span class='ocrx_word' id='word_1_169' title='bbox 436 2805 523 2867; x_wconf 75' lang='lat' dir='ltr'>casu,</span> <span class='ocrx_word' id='word_1_170' title='bbox 540 2812 573 2859; x_wconf 90' lang='lat' dir='ltr'>ut</span> <span class='ocrx_word' id='word_1_171' title='bbox 590 2795 621 2858; x_wconf 84' lang='lat' dir='ltr'>in</span> <span class='ocrx_word' id='word_1_172' title='bbox 638 2795 731 2878; x_wconf 84' lang='lat' dir='ltr'>ipsum</span> <span class='ocrx_word' id='word_1_173' title='bbox 751 2796 900 2858; x_wconf 83' lang='lat' dir='ltr'>incautum</span> 
     </span>
    </p>
   </div>
   <div class='ocr_carea' id='block_1_5' title="bbox 0 0 1004 3542">
    <p class='ocr_par' dir='ltr' id='par_1_7' title="bbox 0 0 1004 3542">
     <span class='ocr_line' id='line_1_32' title="bbox 0 0 1004 3542; baseline 0 0"><span class='ocrx_word' id='word_1_174' title='bbox 0 0 1004 3542; x_wconf 95' lang='lat' dir='ltr'> </span> 
     </span>
    </p>
   </div>
  </div>
 </body>
</html>
