2000 3542
135 303 765 380 nuBattoGtttrcoL18.V1.183

99 423 282 508 Ambiorigis
291 426 404 490 insistit.
421 424 597 490 Cavarinum
608 448 676 492 cum
686 427 769 511 equi-

99 523 164 582 tatu
179 509 329 568 Senonum
346 526 444 570 secum
459 505 602 586 proficisci
617 509 715 588 juber,
730 527 770 569 ne

98 587 163 665 quis
180 604 229 648 aur
249 606 285 646 ex
308 584 389 667 hujus
406 587 571 664 iracundia,
588 605 639 648 aut
654 606 692 663 ex
711 607 768 661 eo,

100 664 179 742 quod
198 683 341 728 meruerat
360 665 429 726 odio
439 705 449 732 ,
460 665 582 728 civitatis
599 684 693 726 morus
707 665 769 724 ori-

91 744 192 806 rerur.
219 743 274 803 His
295 747 377 812 rebus
395 745 585 814 constitutis,
615 744 692 822 quod
714 765 769 822 pro

101 824 256 900 explorato
266 821 771 914 habebarAmbiorigemproelionon

53 947 55 952 ι
103 921 165 971 ¹esse
177 919 370 972 certaturum,
387 903 439 964 reli
459 925 493 964 ua
507 924 567 983 epus
576 901 695 965 consilia
705 902 770 963 ani·

102 1001 156 1042 mo
174 981 428 1060 circumspiciebat.
440 925 535 1043 (branc
551 983 681 1061 Menapii
695 1003 770 1060 pro·

105 1061 207 1139 pinqui
221 1060 387 1123 Eburonum
399 1061 500 1124 finibus
511 1102 523 1132 ,
536 1061 677 1140 perpetuis
683 1061 769 1138 palu-

105 1140 187 1211 dibus
197 1139 273 1202 silvis
291 1160 328 1202 ue
337 1139 462 1213 muniti;
477 1140 528 1218 qui
537 1140 634 1201 uniex
649 1138 769 1207 Gallia,

104 1218 141 1290 de
157 1239 227 1296 pace
251 1161 291 1280 ai
314 1217 456 1280 Caesarem
479 1221 590 1300 legatos
610 1239 770 1295 numquam

105 1297 254 1368 miserant.
272 1296 350 1358 Cum
360 1299 395 1358 iis
410 1318 468 1358 esse
480 1297 634 1376 hospitium
642 1297 771 1357 Ambio*

106 1377 131 1435 ri
151 1376 161 1435 i
182 1377 310 1444 sciebat:
341 1377 414 1440 item
432 1396 484 1454 per
505 1377 642 1438 Treviros
659 1375 770 1438 venisse

139 1456 262 1518 ermanis
269 1457 301 1520 in
320 1456 478 1520 amicitiam
492 1471 680 1548 cognoverat.
698 1453 771 1516 Haee

107 1535 185 1612 prius
202 1535 246 1596 illi
260 1535 430 1596 detrahenda
443 1535 550 1598 auxilia
568 1533 770 1602 existimabar,

108 1635 198 1691 quam
208 1615 302 1692 ipsum
311 1615 390 1674 bello
406 1617 576 1682 lacesseret,
594 1634 655 1683 ne,
670 1611 772 1690 despe-

108 1709 170 1766 pata
189 1695 294 1764 salute,
311 1711 360 1754 aut
376 1714 406 1756 se
419 1694 451 1754 in
469 1693 621 1772 Menapios
636 1691 772 1763 abderet5

110 1789 233 1834 aureum
242 1769 448 1836 transrhenanis
460 1773 596 1854 congredi
608 1791 771 1862 cogeretur.

110 1850 179 1912 Hoc
194 1851 267 1912 inito
283 1852 428 1921 consilio,
450 1853 537 1913 corius
555 1868 694 1912 exercitus
710 1849 770 1916 im·

110 1931 275 2008 pedimenta
289 1929 323 1990 ad
337 1928 495 1993 Labienum
511 1931 542 1990 in
555 1929 691 1990 Treviros
702 1928 772 1987 mit-

111 2010 165 2078 tit,
179 2009 301 2087 duasque
310 2009 440 2089 legiones
453 2009 488 2070 ad
500 2029 568 2070 eum
579 2006 719 2085 proficisci
725 2004 772 2086 ju·

112 2089 180 2148 bet:
203 2088 262 2166 ipse
281 2109 349 2148 cum
366 2087 526 2168 legionibus
542 2086 678 2164 expeditis
696 2106 718 2146 v
739 2083 775 2144 in

114 2167 262 2244 Menapios
275 2165 474 2244 proficiscitur.
492 2166 558 2235 lui,
576 2167 656 2226 nulla
671 2182 775 2246 coacta

114 2265 221 2318 manu,
237 2246 295 2306 loci
307 2245 436 2323 prasidio
451 2247 534 2316 freti,
550 2246 580 2306 in
589 2246 674 2306 silvas
686 2243 772 2324 palu·

116 2323 219 2400 desque
231 2325 424 2406 confugiun23
437 2345 543 2404 suaque
559 2325 663 2388 eodem
674 2320 774 2387 conre-

115 2421 191 2464 runt.

119 2531 127 2542 ,
154 2479 215 2542 vl.
231 2476 344 2549 Cesar,
355 2478 463 2558 partiris
483 2479 573 2558 copiis
585 2501 651 2540 eum
662 2473 700 2542 C·
718 2473 775 2538 Fa·

117 2557 168 2620 bio
182 2559 300 2642 legato,
316 2578 345 2618 er
356 2559 400 2622 M.
411 2559 513 2621 Crasso
527 2563 681 2637 quaerore,
695 2553 775 2645 cele·

116 2640 238 2719 sterque
256 2637 361 2702 effectis
372 2637 524 2718 pontibus,
537 2638 606 2699 adiit
613 2639 754 2719 tripartito
761 2651 777 2709 t
