2000 3542
247 325 825 415 rs·c.J.casrars‹50uuaar.

244 509 306 564 quae
324 509 387 551 sunt
405 487 554 553 maritimae
571 485 717 557 civitates,
736 487 911 550 Oceanum·-

245 587 300 644 que
318 570 480 652 attingunt,
499 567 789 636 certioratum,
808 590 912 631 omnes

243 665 291 707 eas
315 649 442 711 civitates
467 651 497 710 in
521 649 660 711 ditionem
681 664 907 728 potestatemque

243 745 281 806 po
301 728 344 789 uli
362 729 451 790 Rom.
473 751 532 791 esse
552 728 687 790 redactas.

320 805 435 871 XXV.
447 809 503 869 His
515 811 597 872 rebus
607 806 714 890 gestis,
732 806 816 870 omni
826 805 907 868 Gal-

242 883 281 945 lia
300 907 420 964 pacata,
433 905 513 949 tanta
530 887 611 964 hujus
629 886 697 948 belli
716 885 751 944 ad
768 884 909 948 Barbaros

244 965 342 1042 opinio
366 967 474 1045 perlata
499 985 567 1034 est,
594 986 627 1028 ut
648 967 685 1025 ab
711 965 907 1033 nationibus,

242 1063 304 1120 quae
321 1063 396 1106 trans
414 1045 549 1107 Rhenum
564 1043 744 1113 incolerent,
759 1044 910 1106 mitteren-

242 1138 288 1182 tur
309 1124 396 1206 legati
417 1125 452 1186 ad
475 1126 636 1194 Caesarem,
661 1146 721 1204 qua
743 1143 772 1183 se
795 1123 909 1196 obsides

241 1200 371 1274 ianuas,
389 1205 527 1284 imperata
543 1205 679 1274 facturas,
689 1201 907 1280 pollicerentur.

243 1277 325 1360 Quas
341 1284 498 1366 legationes
512 1283 626 1355 Cesar,
643 1281 719 1364 quod
736 1282 766 1340 in
788 1282 906 1344 Italiam

241 1359 387 1440 illyricum
407 1385 443 1426 ue
463 1367 652 1445 properabat,
676 1359 746 1424 inita
768 1362 905 1440 proxima

243 1458 355 1513 testate,
374 1386 408 1503 ai
428 1464 457 1505 se
473 1443 576 1505 reverti
593 1442 680 1524 jussit.
699 1441 806 1524 ipsein
824 1439 903 1502 Car-

240 1535 345 1590 nutes,
365 1521 485 1594 Andes,
505 1523 637 1602 Turoues
655 1563 665 1592 ,
683 1516 748 1607 'puae
772 1519 903 1584 civitatee

239 1597 403 1678 propinquae
428 1601 470 1660 his
496 1601 569 1662 locis
589 1621 695 1670 erant,
718 1601 767 1661 ubi
789 1601 901 1664 belluri't

239 1697 381 1758 gesserat,
401 1676 560 1762 legionibus
578 1681 607 1740 in
626 1677 741 1741 hiberna
759 1678 900 1750 deductis,

239 1777 268 1814 ut
287 1755 399 1820 Italiam
419 1761 561 1838 profectus
578 1778 629 1823 est.
647 1755 696 1820 Ob
714 1779 761 1818 eas
778 1779 843 1828 res,
860 1761 900 1819 eri

240 1833 338 1897 litteris
357 1835 498 1910 Caesaris,
518 1838 577 1901 dies
594 1860 646 1900 xv
664 1837 832 1916 supplicatio
850 1837 901 1898 de*-

239 1931 315 2056 tffiia
333 1937 396 1982 est:
411 1919 487 2000 quod
504 1939 569 1982 ante
585 1920 613 1981 id
630 1935 740 1998 tempus
756 1916 898 1980 acciderat

236 2011 254 2050 n
308 2037 319 2062 0

233 2309 259 2412 ,j
418 2153 717 2704 ῃξίἓὲω
812 2407 817 2414 ‚
