2000 3542
246 297 825 375 114C.J.CssrursConrttur;

239 448 325 509 facile
342 445 481 527 impelli,
500 462 533 507 ut
553 445 584 506 in
603 443 733 507 Galliam
752 444 906 515 veniteutj
985 453 989 459 '

240 529 296 587 suis
311 547 424 606 quoque
438 528 519 587 rebus
533 547 583 587 eos
595 526 695 585 timete
709 526 819 593 voluit,
835 546 904 585 cum

241 606 453 689 intelligerent,
470 624 498 665 et
514 626 617 681 posse,
639 622 668 665 et
686 605 788 665 audere
804 601 906 681 populi

241 684 280 748 R.
299 687 456 747 exercitum
476 683 609 745 Rhenum
628 684 757 745 transire.
776 682 907 744 Accessit

241 765 346 835 etiam,
364 765 439 843 quod
451 764 502 823 illa
519 785 582 840 pars
600 764 737 841 equitatus
749 763 907 839 Usipetum

242 862 272 903 et
289 842 557 913 Tenchtherotum,
574 864 660 921 quam
675 862 757 919 supra
773 859 908 901 comme-

243 924 355 981 morari
386 923 524 1001 predandi
550 921 795 998 fmmenrtndique
821 939 908 981 causa

243 1000 358 1061 Mosam
373 1001 522 1070 transisse,
537 1021 630 1077 neque
645 999 748 1078 proelio
763 999 908 1061 interfuisf

243 1099 291 1149 se,
308 1098 372 1157 post
386 1081 484 1161 fugam
502 1101 617 1141 suorum
636 1101 666 1141 sc
679 1098 755 1141 trans
769 1078 908 1138 Rhenum

243 1157 274 1218 in
298 1158 367 1223 fines
389 1160 605 1240 Sigambrorum
626 1177 797 1235 receperat,
817 1176 908 1233 seque

243 1259 310 1300 cum
324 1240 358 1300 iis
375 1240 573 1316 conjunxerat.
585 1237 631 1297 nd
645 1259 794 1314 quoscum
808 1235 910 1295 Caesat

243 1321 363 1379 nuncios
380 1318 500 1379 misisset
518 1356 528 1388 ‚
547 1318 595 1394 qui
611 1319 786 1394 postularent
803 1354 813 1384 ‚
833 1335 906 1389 eos,

243 1398 291 1473 qui
314 1398 367 1459 sibi
402 1395 562 1473 Galliaeque
585 1396 694 1457 bellurn
715 1395 906 1462 intulissent,

230 1474 284 1533 uti
301 1477 353 1535 sibi
373 1475 532 1543 dederent,
554 1474 755 1553 responderunt
773 1498 783 1535 t
801 1469 908 1555 Populi

241 1548 361 1614 Romani
380 1551 522 1633 imperium
540 1549 670 1613 Rhenum·
679 1550 763 1631 finire
778 1579 787 1611 :
805 1551 855 1622 si,
872 1570 908 1613 se

238 1628 329 1691 inuito
337 1676 350 1701 ,
368 1628 527 1697 ,Germanos
537 1630 567 1690 iu
580 1628 706 1691 Galliam
715 1630 835 1691 transire
847 1650 906 1691 uon

241 1728 346 1787 aequum
356 1708 550 1779 existimarer,
563 1730 613 1771 cur
624 1709 669 1769 tui
681 1708 825 1789 quidquam
839 1729 907 1771 esse

191 1846 198 1856 ,
241 1785 350 1927 imperii
370 1806 418 1848 aut
431 1788 580 1867 potestatis
597 1806 673 1849 trans
692 1784 819 1850 uterum
834 1808 906 1868 pos-

242 1883 271 1925 tu
284 1886 345 1930 aret
361 1868 377 1927 ἱ
395 1868 467 1929 Ubii
485 1887 602 1938 autem,
623 1869 677 1945 qui.
688 1868 739 1929 uni
755 1889 792 1929 ex
808 1886 905 1929 trans·

241 1945 372 2009 rhenanis
394 1948 428 2007 ad
450 1948 591 2008 Caesarem
611 1946 720 2029 legatos
741 1948 905 2019 miserant,

240 2027 398 2086 amicitiam
419 2026 570 2099 fecerant,
598 2026 707 2087 obsides
731 2026 865 2087 dederant
884 2069 900 2096 ,

213 2116 218 2123 ·
240 2124 414 2184 magnopere
433 2107 570 2174 orabant,
580 2123 610 2164 ut
624 2102 679 2164 sibi
695 2102 904 2180 auxiliumser·

240 2198 303 2250 ret,
317 2181 387 2261 quod
433 2182 523 2243 ariter
536 2181 570 2243 ab
581 2180 682 2244 Suevis
692 2201 904 2274 premerem&

240 2256 286 2319 vel
293 2300 305 2329 ,
328 2260 355 2319 si
372 2258 382 2317 i
414 2258 516 2335 facere
532 2260 753 2340 occupationibus
769 2258 905 2342 Reipubl.

234 2334 452 2415 prohiberetur,
484 2339 637 2400 exercitum
665 2339 742 2401 modo
773 2338 904 2401 uterum

240 2433 463 2497 transportaret:
477 2417 508 2478 id
517 2416 573 2478 sibi
585 2416 622 2479 ud
636 2417 792 2490 auxilium,
807 2439 909 2499 spemq

237 2514 289 2571 que
298 2496 395 2575 reliqui
406 2496 534 2579 temporis
548 2497 621 2557 satis
627 2494 753 2572 futurum
767 2524 777 2557 .-
794 2514 903 2557 tanturn

239 2592 301 2632 esse
312 2595 408 2635 nomen
426 2593 506 2654 atque
517 2575 670 2656 opinionem
686 2575 827 2637 exercitus
837 2572 902 2636 Ro·-

240 2652 339 2723 mani,
354 2652 497 2715 Ariouisto
512 2654 617 2734 pulso,
635 2672 664 2715 et
680 2652 730 2714 boc
749 2653 903 2715 nouissimo
996 2725 997 2739 χ

228 2730 330 2810 prelio
339 2728 446 2808 sacto,
464 2732 549 2795 etiarn
565 2731 602 2795 ad
619 2731 732 2795 ultimas
744 2731 912 2797 Germano.
