2000 3542
149 334 769 414 nssssssocmrco.L1s.v1.so3

103 496 192 558 arque
205 477 377 559 impurarum
387 473 541 547 indueret,
561 477 693 558 priusque
709 476 771 558 ejus

102 560 243 622 adventus
267 561 303 620 ab
322 559 485 638 hominibus
505 559 664 627 videretur,
682 575 770 636 quam

100 639 181 700 fama
196 659 230 700 ac
244 635 353 699 nunciis
363 637 506 700 afferrenu
521 659 530 700 ε
547 638 587 698 sio
598 656 707 718 magna
716 633 771 697 fuit
839 639 845 655 ’

101 717 223 778 forrunae
235 757 244 786 ,
254 719 333 778 ornni
343 718 460 779 militari
472 717 678 786 instrumento,
689 714 769 792 quod

101 797 213 858 cirrum
223 813 260 856 ,se
270 793 391 856 babebat
400 833 410 866 ,
427 813 548 874 erepto,
559 792 655 854 rhedis
672 793 769 870 equia-

100 893 158 953 que
182 871 417 952 comprehensis,
434 875 527 954 ipsum
545 871 668 954 effingere
687 891 769 932 mor-

101 971 177 1015 tem.
198 951 252 1012 Sed
266 953 372 1016 booeo
388 952 494 1016 faenum
507 969 565 1022 en,
585 951 682 1030 quod,
703 949 769 1012 zdi-

100 1029 170 1092 fioio
183 1032 360 1094 ¹circumdato
370 1033 459 1104 silva,
471 1038 523 1106 <ut
533 1046 598 1090 sunt
605 1027 671 1105 sere
679 1028 769 1088 domi·

101 1109 173 1171 cilia
186 1107 349 1179 Gallorum,
368 1111 414 1190 qui
424 1155 434 1181 ‚
445 1108 554 1172 vitandi
570 1125 766 1177 turtureum,

96 1187 257 1271 pierumque
285 1189 420 1251 silvarum
444 1209 477 1250 oc
507 1185 651 1266 {luminum
669 1200 767 1266 perunr

97 1266 345 1353 propinquitates,
371 1271 384 1340 )
408 1269 528 1330 comites
556 1265 766 1342 familiaresque

102 1347 164 1425 ejus
180 1365 299 1427 angusto
319 1347 349 1408 in
369 1349 438 1410 loco
459 1345 586 1424 equitum
604 1359 768 1404 nostrorum

43 1493 49 1504 q
100 1421 163 1487 vim
178 1428 320 1506 paulisper
340 1427 540 1488 sustinuerunt.
563 1425 600 1485 lis
633 1435 767 1502 pugnam

102 1507 177 1568 tibus
201 1545 212 1574 ,
241 1507 325 1566 illum
349 1507 377 1566 in
395 1527 500 1583 equum
520 1503 635 1582 quidam
658 1521 695 1562 ex
712 1499 768 1560 suis

102 1582 218 1646 bstulit:
237 1583 394 1668 fugientem
414 1584 490 1646 silvae
508 1595 648 1644 texerunt.
667 1579 714 1639 Sic
731 1577 768 1639 ari

104 1659 279 1724 subeundum
296 1663 472 1744 periculum,
490 1679 526 1725 -et
539 1661 579 1722 ad
596 1658 768 1730 vitandum,

104 1741 230 1804 multum
243 1742 354 1803 fortuna
368 1741 468 1803 valuit.

144 1817 284 1884 XXXI.
309 1821 462 1880 Ambiorix
489 1817 589 1897 copias
608 1838 671 1878 suae
695 1814 768 1894 judi·

105 1897 189 1962 cione
203 1917 263 1959 non
285 1899 452 1960 conduxerit
470 1936 480 1967 ‚
496 1896 580 1975 ‘quod
600 1893 703 1976 proeiio
720 1893 766 1952 di·
858 1958 862 1969 ,

21 2010 25 2018 =
106 1977 269 2040 micantium
288 1996 346 2039 non
361 1976 585 2054 existimaveritq
600 1994 637 2052 an
652 1990 768 2049 rempo-

106 2073 138 2119 re
153 2058 301 2127 exclusus,
317 2075 346 2117 er
360 2055 648 2135 repentino-equitum
661 2052 768 2112 adven·

107 2153 138 2198 tu
156 2135 312 2214 prohibitus
323 2136 426 2206 fuerin,
448 2158 516 2198 cum
529 2134 669 2216 reliquum
685 2149 769 2191 exer·

107 2215 196 2276 citum
207 2214 336 2292 subsequi
346 2210 491 2285 crederet,
506 2214 623 2294 dubium
636 2227 696 2272 est:
712 2207 768 2270 seri

108 2313 183 2354 certe
204 2335 215 2361 ,
236 2295 312 2354 clam
331 2294 449 2354 dimissis
465 2313 517 2372 per
537 2309 621 2374 agros
640 2288 769 2358 nunciis,

109 2372 160 2433 sibi
179 2391 318 2450 quemque
336 2375 484 2434 consulere
513 2373 592 2453 jussit
611 2393 621 2442 3
646 2387 769 2444 quorum

109 2471 172 2530 pars
186 2451 216 2510 in
235 2450 420 2512 Arduennam
435 2451 557 2521 silvam,
611 2470 636 2508 rs
649 2445 680 2506 in
694 2465 770 2506 oon·

110 2530 237 2590 tinentes
258 2531 372 2608 paiud'es
397 2531 533 2611 profugit.
596 2527 624 2587 ui
644 2521 771 2606 proximi

114 2607 266 2671 Oceanum
279 2610 414 2678 fuerunt,
439 2609 461 2670 ii
479 2611 511 2668 in
527 2608 624 2668 insulis·
642 2625 700 2668 sese
712 2617 772 2663 'oe-

112 2683 317 2770 cultaueiur'rr's
332 2703 401 2766 'quas
418 2705 496 2750 aestus
514 2685 626 2748 efficere
648 2700 771 2745 consue·

61 2809 64 2818 .
95 2785 176 2832 runt
188 2791 197 2830 r
211 2767 317 2840 moiri,
338 2767 448 2830 ansuis
466 2767 574 2830 finibus
585 2763 687 2848 egrossi
706 2799 718 2831 s
740 2774 771 2820 ιο
