2000 3542
206 354 261 413 tro
300 329 810 402 C.J.crsrrrsconnmr.

206 467 246 529 sic
257 466 377 535 accidit,
391 482 443 536 ut,
457 486 494 528 ex
502 467 715 527 tanto'navium
725 479 868 534 numero,
953 477 956 484 “

206 563 251 607 tot
268 544 525 628 navigationibus,
550 564 644 623 neque
667 544 725 606 hoc
743 583 755 613 ,
776 561 870 621 neque

207 626 351 703 superiore
370 644 465 694 auno,
477 623 537 685 ulla
548 624 669 685 omnino
685 624 788 693 naris,
809 644 873 701 qua

208 703 313 763 milites
327 722 469 783 portaret,
484 702 704 765 desideraretur:
718 721 747 762 at
764 720 802 763 ex
817 703 871 770 iis,

208 802 271 859 quae
288 783 386 843 inanes
403 792 439 842 ex
455 781 621 857 sustinente
635 781 672 841 ad
688 800 756 843 eum
771 781 873 841 remit-

206 877 351 931 terentur,
372 878 401 921 et
420 862 522 939 prioris
540 878 718 922 commeatus
736 858 873 938 expositis

208 939 363 1008 militibus,
376 955 406 997 et
421 960 489 1017 quas
502 957 603 1017 postea
612 938 752 1000 Labienus
761 938 873 1000 facien·

210 1016 259 1077 das
277 1035 423 1079 curaverat
438 1037 560 1079 numero
580 1037 644 1087 rx,
661 1036 809 1097 perpaucae
822 1018 872 1077 lo-

134 1160 138 1167 ,
210 1117 278 1159 cum
297 1114 451 1175 caperent,
470 1095 584 1173 reliquae
602 1096 662 1156 fere
679 1115 781 1157 omnes
800 1094 873 1172 reji-

210 1193 352 1239 cerentur.
382 1172 463 1253 Quas
495 1196 562 1237 cum
593 1176 754 1253 aliquandiu
779 1173 874 1236 Caesar

209 1254 311 1316 frustra
329 1272 524 1333 expectasset,
536 1273 573 1314 ne
590 1255 658 1315 anni
674 1272 803 1333 tempore
818 1274 874 1318 na,-

212 1334 241 1394 vi
262 1334 358 1397 atione
369 1335 580 1403 excluderetur,
590 1332 666 1413 quod
673 1332 874 1412 aequinoctium

213 1354 343 1485 scierat,
362 1414 524 1474 necessario
539 1414 682 1495 angustius
692 1414 795 1474 milites
806 1414 875 1472 col-⁶

213 1490 343 1566 locavit3
355 1511 390 1551 ac
402 1513 544 1553 summam
553 1493 787 1569 tranquillitatem
799 1511 875 1551 con·

215 1570 465 1640 secutus,sccunda
474 1571 615 1631 iniracum
625 1572 755 1632 solvisset
764 1569 875 1651 uigilia,

215 1651 307 1726 prima
324 1651 388 1709 luce
405 1666 511 1710 terram
526 1650 639 1731 attigit,
651 1669 811 1729 omnesque
828 1648 876 1710 in-

211 1728 343 1789 columes
359 1716 445 1789 nav⁰es
455 1728 593 1806 perduxit.

256 1806 391 1870 XXIV.
409 1806 557 1870 Subductis
572 1808 713 1878 navibus,
729 1806 875 1869 concilio-

215 1907 270 1964 que
280 1884 436 1959 Gallorum
445 1886 787 1965 Samarobrivaeperacto,
799 1890 876 1964 quod

216 1986 254 2027 eo
276 1988 353 2027 anno
372 1965 547 2029 frumentum
567 1966 597 2026 in
617 1964 743 2036 Gallia,
761 1987 877 2044 propter

216 2045 375 2113 siccitates,
393 2045 537 2125 angustius
551 2065 722 2122 provenerat
735 2068 746 2119 ς
759 2066 878 2108 coactus

216 2142 258 2183 cst
276 2124 380 2191 aliter,
396 2144 430 2182 ac
448 2124 636 2201 superioribus
654 2126 752 2195 annis,
767 2125 878 2186 exerci-

215 2219 278 2265 tum
299 2202 329 2263 in
350 2199 473 2261 hibernis
495 2204 669 2272 collocare,
694 2201 878 2286 legionesque

215 2280 244 2340 in
265 2282 357 2359 plures
375 2279 503 2341 civitates
519 2280 682 2344 distribuere
697 2306 706 2343 t
725 2303 761 2344 ert
795 2283 878 2344 uibus

215 2381 304 2421 unam
329 2359 359 2419 in
383 2358 514 2420 Morinos
540 2360 697 2422 ducendam
720 2362 758 2424 C.
810 2362 877 2422 abio

214 2438 312 2519 legato
329 2437 405 2499 dedit
421 2460 430 2511 3
448 2439 567 2499 alteram
588 2440 617 2499 in
636 2440 759 2501 Neruios
771 2440 815 2518 Q.
827 2439 879 2501 Ci-

217 2517 316 2579 ceroni
336 2539 346 2588 ς
369 2519 481 2577 tertiam
502 2519 533 2579 in
555 2517 659 2579 Essuos
677 2518 713 2581 L.
736 2520 844 2581 Roscio
864 2542 877 2592 ς

217 2614 346 2674 quartam
364 2596 394 2655 in
411 2594 530 2657 Rhemis
541 2618 609 2658 cum
623 2597 662 2660 T.
680 2596 832 2668 labieno,
845 2599 877 2659 in

215 2674 345 2737 confinio
355 2675 561 2746 Treuirorum,
574 2675 701 2737 hiemare
711 2677 789 2754 jussit
799 2702 808 2740 t
820 2696 892 2739 tres·
905 2674 909 2680 ’
985 2699 989 2709 ’

216 2755 248 2817 in
270 2755 369 2839 Relgio
394 2756 562 2820 collocarit.
589 2754 645 2818 His
666 2756 713 2822 M.
741 2756 878 2822 Crassum

256 3046 269 3094 l
