2000 3542
130 320 315 382 anrrro
328 311 702 385 Grrt1e0L1B.Vlll.
717 334 775 399 309

107 452 156 531 iris
166 455 399 536 repugnantibus,
411 454 521 537 infirma
528 478 610 519 manu
614 456 704 539 plebis
713 455 774 519 bel-

109 530 165 593 lum
177 533 316 595 concitare
333 554 360 595 et
373 554 472 616 gerere
484 556 600 617 possets
611 536 662 597 red
683 550 775 597 tamen

107 631 141 673 se
151 612 374 702 conterrunrfore
388 636 421 675 ea
432 632 535 697 pena,
552 636 632 697 quam
646 614 701 699 sili
717 614 774 701 ipsi

111 704 334 753 contraxissent.

148 768 236 831 XXI
241 770 287 832 ΙΙ.
307 770 404 834 Nocte
414 772 596 853 insequenti,
612 772 701 854 legati
713 790 773 855 res·¹

106 867 200 927 ponsa
206 850 241 911 ad
255 867 320 911 suos
332 851 458 912 referum
469 874 478 924 ;
490 852 600 913 obsides
607 846 776 915 conficiunt.

106 926 292 991 Concurrunt
309 930 483 1009 reliquarum
502 931 649 993 civitatum
659 928 773 1014 legati,

105 1027 168 1083 quar
189 1009 412 1071 Bellovacorum
440 1010 658 1089 speculabantur
686 1030 776 1073 even·

105 1100 180 1145 mm.
194 1086 316 1150 Obsides
323 1089 412 1159 dant,
431 1089 569 1167 imperata
579 1090 687 1151 iaciunt
698 1111 711 1161 ·,
721 1109 774 1150 ex·

105 1164 331 1244 ceptocomio,
347 1182 434 1245 quem
447 1168 535 1227 timor
553 1168 705 1229 cohibebat
723 1189 773 1229 cu·

105 1243 236 1381 kisquam
252 1242 319 1327 fidei
333 1268 413 1307 suam
429 1247 610 1307 committere
636 1248 773 1309 salutem.

126 1323 187 1383 iarn·
198 1326 344 1402 superiore
358 1342 438 1386 anno
448 1326 488 1387 T.
498 1322 659 1395 Labienus,
677 1326 771 1387 Carsa-

103 1420 135 1461 re
157 1403 187 1461 in
208 1401 309 1465 Gallia
331 1405 462 1467 citeriore
479 1404 525 1485 jus
548 1404 680 1474 dicente,
701 1425 771 1466 cunr

105 1481 246 1543 Comium
262 1485 447 1561 comperisset
456 1483 610 1545 sollicitare
623 1484 768 1552 civitates,

103 1579 133 1621 et
147 1562 376 1637 conjurationem
386 1581 485 1624 contra
496 1562 639 1624 Caesarem
654 1563 771 1634 lacerer

104 1637 375 1732 infidelitatem'ejus
391 1644 451 1704 sine
464 1644 525 1705 ulla
537 1641 652 1721 perfidia
663 1640 773 1719 iudica⁴

103 1739 146 1779 vrt
160 1734 313 1799 comptum
326 1742 425 1799 posset
453 1742 540 1800 quem
561 1722 705 1800 quianon
726 1740 771 1779 ar-

103 1798 260 1859 bitrabatur
278 1818 416 1861 vocatum
431 1800 462 1861 in
480 1816 571 1861 castra
592 1818 770 1869 venturum,

102 1896 142 1937 ne
167 1878 303 1944 tentando
324 1880 484 1939 cautiorem
500 1878 629 1947 faceret,
649 1877 686 1937 C.
701 1877 769 1937 Vo-

102 1956 236 2019 lusenum
252 1956 435 2035 Quadratum
443 1957 536 2027 misit,
550 1956 600 2035 qui
615 1975 702 2024 eum,
718 1972 772 2031 per

103 2036 321 2098 simulationem
340 2037 503 2114 colloquii,
531 2036 641 2096 curaret
660 2034 772 2094 interfi-r

103 2115 247 2177 ciendum.
267 2116 314 2175 Ad
336 2136 402 2175 eam
420 2136 481 2178 rem
502 2112 631 2177 delectos
650 2113 771 2177 transdir

103 2194 144 2254 dit
160 2194 350 2255 centuriones.
363 2194 442 2255 Cum
452 2195 484 2255 in
500 2194 679 2273 colloquium
698 2212 772 2285 len?

102 2290 167 2334 tum
187 2290 277 2343 esset,
302 2292 353 2341 et,
374 2291 406 2333 ur
428 2291 624 2342 convenerat,
647 2292 770 2333 manum

103 2352 203 2412 Comii
211 2352 375 2413 Volusenus
384 2353 564 2428 arripuissem
574 2370 603 2413 et
613 2350 741 2413 centurio
753 2350 766 2418 ζ

101 2433 181 2493 velut
195 2432 304 2491 insueta
320 2448 351 2489 re
363 2448 509 2509 permotus
525 2468 536 2500 ,
560 2431 649 2497 ,vellet
670 2424 771 2490 homi)
823 2452 828 2464 ·

101 2528 171 2570 nrm
193 2508 354 2582 conficeret
376 2510 507 2573 celeriter
534 2531 552 2573 a
579 2508 770 2578 familiaribus

101 2588 260 2669 prohibitus
266 2588 386 2659 Comii,
399 2609 462 2653 aon
474 2588 584 2666 ponit:
590 2588 713 2673 graviter
722 2594 770 2646 raa*

100 2688 170 2728 men
196 2667 290 2747 {trimo
314 2670 373 2729 ictu
390 2667 486 2748 gladio
508 2686 592 2745 caput
615 2665 783 2745 petresse:

101 2745 181 2812 Cum
190 2748 335 2828 utrimque
345 2747 437 2829 gladii
450 2746 566 2810 districti
579 2762 686 2817 essert,
700 2762 765 2805 uon
