2000 3542
140 375 782 469 anrtnoonmerrnNIII.323

157 513 281 579 XLII.
301 514 373 594 Quo
383 518 462 579 malo
480 520 619 598 perterriti
631 519 783 599 oppidani,

115 615 203 675 rapas
221 616 313 665 reve,
333 595 399 675 pice
416 636 428 666 ,
456 597 603 659 scandalis
622 598 756 675 complent
772 626 784 662 r

116 693 167 735 eas
185 673 316 734 ardentes
336 672 367 734 in
387 694 470 756 opera
485 676 656 757 provolvunt.
677 677 783 740 Eodem

114 770 235 833 tempore
248 751 380 813 acerrime
391 754 573 835 preliantur,
592 774 621 817 ut
634 756 667 817 ab
683 758 782 819 incen-

114 829 164 891 dio
182 830 378 911 restinguendo
406 832 586 895 dimicatione
613 854 641 897 et
661 835 784 916 periculo

115 908 276 971 deterreant
297 908 453 972 nonnos..
484 912 595 1003 Magna
618 934 729 996 repente
752 915 782 976 in

114 988 189 1069 ipris
206 985 333 1067 operibus
345 988 465 1071 flamma
487 991 610 1053 extitit:
647 996 784 1073 quatum-

114 1065 395 1148 queenirnperlocam
403 1070 573 1152 precipitem
583 1071 782 1142 mistretam,

109 1165 162 1215 -ea,
171 1145 264 1207 vineis
276 1161 303 1205 et
314 1165 419 1226 aggere
427 1168 595 1229 suppressa,
608 1150 783 1230 tommeien-
822 1202 834 1221 ,

116 1222 219 1285 debant
231 1222 262 1284 iti
275 1222 382 1304 ipsum,
401 1225 471 1305 quod
490 1226 657 1289 morabatur.
676 1216 822 1290 Militess

115 1323 218 1366 eontra
238 1303 348 1373 nostri,
369 1326 531 1384 quanquam
551 1308 713 1385 periculoso
727 1328 781 1389 ge-

114 1403 185 1444 nere
196 1383 442 1463 proelii‚loeoque
451 1386 551 1463 iniquo
558 1392 780 1465 premebanturr

114 1482 214 1523 tamen
229 1462 329 1523 omnia
343 1465 522 1542 paratissimo
535 1467 707 1527 sustinebant
719 1466 782 1525 ani-

108 1562 190 1603 nnor
206 1563 250 1602 res
260 1541 341 1602 enim
355 1547 505 1626 gerebatur
520 1564 550 1607 et
565 1546 780 1615 recentiore,

113 1638 147 1681 et
161 1622 192 1681 in
208 1625 625 1700 conspeetuenerciruenosrti3
644 1646 780 1709 magnus-

107 1720 172 1778 :qne
179 1703 320 1779 utrimque
329 1703 678 1775 commembrorum,
695 1726 781 1786 quam

115 1780 233 1858 quisque
255 1796 367 1859 poteret
387 1785 515 1843 maxime
543 1785 659 1865 insignis
683 1824 694 1854 ,
722 1805 781 1863 quo

105 1857 215 1919 notior
227 1860 410 1937 testatiorque
423 1861 510 1921 vituts
523 1862 583 1941 ejus
599 1879 672 1923 esset
686 1903 696 1933 ,
715 1862 780 1925 telis

108 1937 243 1999 tornum
253 1937 431 2016 ilemmaeque
444 1960 475 2003 se
485 1937 630 2002 offerebat.

109 2062 115 2073 .
154 2015 290 2078 XLIII.
311 2016 429 2089 Cesar,
454 2040 522 2082 cum
536 2022 698 2098 complures
714 2038 781 2079 euos

110 2096 261 2157 vulnerari
270 2096 400 2171 videret3
413 2118 450 2161 en
460 2098 593 2159 omnibus
604 2099 701 2177 oppidi
713 2118 781 2175 par·

108 2175 192 2235 tibus
209 2174 341 2236 cohortes
359 2194 491 2238 montem
514 2178 706 2247 adscendere,
725 2192 779 2245 et,

11 2246 17 2253 ⁴
109 2254 299 2315 simulatione
308 2258 448 2319 moenium
458 2259 707 2337 oocupandorum‚
722 2248 782 2317 cla'-

112 2352 232 2394 morem
250 2334 375 2408 undique
392 2336 469 2412 jubet
488 2338 602 2401 tollere.
617 2337 688 2416 Quo
702 2337 781 2396 iacto

113 2410 258 2505 perterriti
274 2412 430 2489 oppidani,
451 2436 519 2475 cum
537 2457 548 2486 ,
568 2416 635 2494 quid
653 2430 783 2497 ageretur

116 2513 149 2553 ur
162 2490 235 2553 iocis
249 2491 389 2567 reliquis,
406 2512 498 2553 essent
516 2496 627 2578 ignari3
646 2510 782 2557 revocant

117 2572 156 2632 eb
165 2570 363 2652 impugnandis
373 2572 504 2649 operibus
514 2590 661 2643 armatos,
678 2574 782 2634 muris-

119 2670 175 2728 que
189 2650 353 2726 dirponutn.
363 2650 407 2713 Ita
417 2651 525 2721 nostri,
541 2654 598 2714 fine
611 2654 714 2733 proelio
726 2652 784 2712 fae·

120 2746 153 2790 to
165 2768 177 2799 ‚
192 2728 323 2820 oeleriter
338 2749 425 2808 opera
438 2728 560 2793 tanna
578 2729 783 2811 comprehense

111 2826 225 2888 worn
238 2826 433 2892 resumetur,
448 2811 555 2891 partim
564 2810 781 2876 mouentum.
