2000 3542
222 285 264 348 ‘82
306 279 812 385 C.J.Cusnur·sCoumtur.

226 423 298 486 lium
314 425 385 489 ferre
404 447 414 501 ς
433 429 479 490 sed
497 427 555 492 hoc
571 434 711 510 superari,
731 439 807 514 quod
824 437 893 501 diu-³

226 505 358 566 lumitate
373 521 474 589 pugnae
491 509 587 570 hostes
601 513 700 574 defessi
715 517 818 593 proelio
835 539 891 580 ex-

225 583 393 657 cedebant,
415 587 465 648 alii
491 587 605 671 integris
629 592 735 655 viribus
755 599 892 660 succedea

225 662 294 722 bant
316 686 325 724 r
347 679 466 742 quarum
487 683 582 728 rerum
606 692 624 730 a
646 673 748 734 nostris
772 692 891 755 propter

223 743 396 818 paucitatem
419 744 480 804 fieri
505 745 578 806 nihil
599 767 715 827 poterat
734 763 744 825 ;'
766 775 800 814 ac
828 774 890 817 non

223 821 315 882 modo
329 823 436 884 defesso
448 844 484 884 ert
496 843 593 964 puffna
602 833 773 902 excedendi,
789 836 837 896 sed
850 850 890 899 ne

150 910 152 914 ·
223 901 320 959 saucio
336 902 449 978 quidem
465 903 525 981 ejus
554 907 621 976 oci,
635 911 685 970 ubi
704 914 888 987 constiterat,
980 992 981 995 Ἴ

162 1030 163 1034 ,
222 979 419 1056 ¹relinquendi,
442 1003 476 1043 ac
488 983 531 1044 sui
542 986 697 1063 recipiendi
709 991 827 1057 facultas
841 995 890 1056 dat

211 1057 313 1118 -battru
727 1083 731 1095 '
780 1093 783 1099 ·

260 1135 301 1198 V.
320 1135 397 1197 Cum
414 1137 471 1214 iam
491 1141 612 1219 amplius
628 1141 705 1205 horis
723 1166 769 1208 vt
788 1151 887 1211 conti-

221 1225 322 1276 nenter
338 1233 531 1299 pugnaretur,
550 1243 585 1282 ac
599 1239 659 1282 non
676 1225 770 1286 solum
787 1229 884 1303 vires,

221 1293 268 1352 sed
290 1294 377 1355 etiam
400 1299 456 1356 tela
477 1301 580 1360 nostris
601 1300 777 1375 deficerent,
800 1325 886 1387 atque

220 1362 315 1432 lrostes
328 1375 417 1434 acrius
430 1377 587 1450 instarent,
605 1380 884 1467 languidioribusque

219 1451 340 1520 nostris,
358 1454 467 1514 vallum
485 1457 630 1529 scindere,
650 1476 681 1520 et
697 1463 783 1525 fossas
803 1489 885 1528 cortr-

217 1529 296 1606 plere
313 1531 481 1608 coepissent,
500 1557 599 1614 resque
615 1557 688 1600 esset
708 1541 763 1602 'am
780 1547 816 1606 ad
834 1568 886 1608 ex·

217 1625 342 1668 tremum
361 1610 479 1672 deducta
499 1633 617 1686 casum,
638 1618 672 1680 P.
729 1622 802 1684 trtius
822 1626 883 1688 Ba-

216 1687 318 1756 culus,
335 1689 470 1767 primipili
492 1696 646 1765 centurio,
669 1713 754 1775 quem
777 1703 882 1767 Nervi·

216 1783 253 1826 co
270 1769 374 1842 proelio
391 1773 584 1848 compluribus
598 1777 762 1839 confectum
779 1785 883 1846 vulne·

215 1843 292 1904 tibus
306 1845 447 1916 dirimas,
467 1853 583 1911 etitem
602 1853 638 1916 C.
652 1855 815 1920 Volusenus
829 1866 882 1924 tri·
980 1878 981 1893 ¹

214 1919 304 1983 bunus
323 1925 386 1988 mil.
406 1929 450 1987 vir
470 1946 498 1987 et
517 1932 630 1992 consilii
651 1937 749 2017 magni
771 1959 802 2000 et
818 1944 879 2003 vir·

213 2001 280 2060 turis
307 2041 317 2070 ,
347 2004 383 2062 ad
416 2003 543 2067 Galbam
577 2031 756 2086 accurrunt,
791 2039 878 2099 atque

211 2099 299 2138 unam
312 2100 371 2141 esse
384 2101 462 2158 spem
478 2087 573 2147 salutis
590 2090 717 2165 docent,
734 2097 774 2167 si,
792 2119 878 2178 erup·

211 2157 290 2216 tione
311 2158 406 2230 facta,
426 2181 588 2227 extremum
606 2173 743 2234 auxilium
763 2182 878 2256 expetii

209 2251 316 2298 rentur.
332 2238 450 2315 ltaque,
464 2249 630 2309 convocatis
642 2255 872 2330 centurionibus,

209 2313 339 2376 celeriter
354 2319 457 2381 milites
474 2325 608 2388 certiores
620 2329 708 2401 facit,
729 2336 877 2415 paulisper

182 2465 183 2468 Ἴ
208 2388 427 2458 intermitterent
443 2404 595 2477 proelium,
614 2429 649 2468 ac
669 2418 872 2479 tantummodo

208 2471 266 2530 tela
287 2473 372 2534 missa
394 2480 581 2556 exciperent,
606 2507 690 2565 seque
713 2511 750 2551 ex
772 2495 871 2560 labore

206 2547 354 2612 reficerent
376 2575 478 2633 ;·post
498 2560 581 2644 signo
607 2566 701 2637 dato,
732 2589 748 2628 e
773 2577 870 2638 castris

206 2647 411 2722 erumperent,
433 2653 517 2716 atque
536 2663 655 2708 omnem
673 2667 752 2728 spem
773 2653 870 2719 salutis

206 2727 238 2769 m
255 2725 359 2776 rtrurte
376 2731 528 2794 ponerent.
