2000 3542
122 334 313 402 otssmo
327 318 685 403 ciuitatium
704 344 762 415 159

93 484 160 531 trem
179 468 366 541 deduxisset,
384 486 484 531 utnon
500 467 590 531 solum
611 469 642 530 in
659 469 763 551 pristi-

90 567 160 609 num
177 568 283 611 statum
297 547 456 619 redissent,
482 547 535 609 sed
557 548 676 609 omnium
692 567 762 610 tem·

88 644 188 708 porum
206 627 374 709 dignitatem
392 644 420 688 et
433 626 558 708 gratiam
572 628 761 690 antecessisse

89 704 264 769 videremur.
281 707 336 767 His
343 707 422 769 uatis
436 702 595 777 mandaris,
614 725 666 769 eos
682 710 718 769 ab
729 728 763 785 set

91 784 212 850 dimisit.
752 794 769 814 ”‘

133 862 201 931 LV.
211 862 422 929 Noviodunum
431 881 491 927 erat
501 864 638 943 oppidum
647 862 761 929 AEduo·

51 1005 55 1009 ,
92 962 188 1014 rum,
219 944 256 1005 ad
273 946 348 1023 ripas
370 939 479 1026 Ligeris
504 958 670 1022 opportuno
689 946 760 1005 loco

31 1042 34 1045 ’
93 1024 233 1100 positum.
254 1022 323 1085 Huc
337 1022 431 1083 Caesar
448 1041 550 1083 omnes
563 1023 673 1085 obsides
685 1022 760 1085 Gal-

94 1102 159 1171 liae,
185 1102 384 1169 frumentum,
409 1102 562 1180 pectmiam
578 1104 757 1179 ¹publicam,

94 1200 213 1241 suorum
224 1200 317 1259 -atque
337 1182 476 1243 exercitus
486 1179 760 1259 impedimentorum

94 1280 234 1341 magnam
244 1279 355 1339 partem
364 1261 540 1321 contuderat:
557 1256 760 1342 hucmagnum

15 1378 19 1401 ι
93 1357 249 1401 utunerum
257 1357 415 1417 equorum,
432 1337 516 1416 hujus
526 1339 595 1397 belli
609 1360 709 1410 eausa,
729 1340 766 1401 in'

95 1417 180 1479 ltalia
197 1436 284 1496 atque
300 1416 440 1496 Hispania
457 1431 677 1495 comptorum,
704 1420 762 1478 rni-

93 1513 181 1558 setat.
194 1496 315 1559 Eocum
327 1495 506 1576 Eporedorix
517 1496 761 1575 virdumarusque

95 1575 256 1645 venissent,
273 1595 303 1639 et
324 1576 360 1637 de
375 1593 448 1637 statu
465 1576 587 1639 civitatis
602 1578 760 1659 cognovis-

96 1673 161 1716 sent
172 1654 354 1728 ;Litavicum
363 1655 493 1717 Bibracte
503 1659 539 1717 ab
552 1652 650 1716 AEduis
661 1674 762 1735 recep·

97 1740 183 1804 tum,
199 1736 277 1813 quod
294 1751 337 1795 est
352 1754 391 1813 op
412 1738 418 1749 '
437 1754 489 1795 um
509 1735 582 1811 apud
598 1756 650 1795 eos
665 1738 761 1795 maxi-

96 1814 361 1885 maeauctoritatis;
410 1812 648 1875 onvictolitrnem
658 1817 765 1896 magis·

94 1910 203 1953 tratum
221 1931 231 1962 ‚
255 1910 447 1974 magnamque
462 1908 575 1969 partem
593 1898 703 1952 senatus
726 1892 762 1951 ad

98 1991 168 2033 eum
177 1973 343 2034 convenisse
353 1993 364 2045 ς
374 1972 484 2055 legatos
495 1971 532 2031 ad
543 1969 764 2051 Vercingetori-

98 2070 168 2133 gem
179 2052 214 2113 de
234 2071 305 2129 pace
322 2067 351 2112 et
366 2051 495 2111 amicitia
511 2050 690 2111 concilianda
708 2072 765 2130 pu-

97 2130 175 2191 blice
191 2133 313 2200 missos,
330 2150 391 2190 uon
403 2130 675 2209 praetermittendum
694 2150 762 2193 tarr-

98 2229 164 2271 tum
182 2209 371 2273 commodum
386 2209 628 2273 existimaverunt.
641 2208 739 2289 Itaque
750 2205 773 2281 ‚‘

98 2290 252 2352 interfectis
271 2285 442 2371 Novioduni
459 2289 637 2358 custodibus,
660 2292 765 2368 quiquo

100 2386 139 2428 eo
151 2366 317 2453 negotiandi
331 2384 382 2429 aut
392 2367 502 2427 itineris
516 2388 600 2427 causa
616 2386 765 2430 convene‘

100 2444 659 2527 rant,pecuniamatqueequosinter‘se
669 2446 776 2525 partiti,

102 2544 188 2601 sunt3
206 2526 315 2589 obsides
332 2525 481 2586 civitatum
505 2524 634 2587 Bibracte
649 2528 684 2588 ad
699 2550 766 2587 ma-

101 2606 251 2687 gistratum
270 2602 450 2666 deduoendos
461 2623 632 2666 curaverunt
649 2624 660 2679 3
687 2608 773 2685 oppi-

105 2686 197 2756 dum,
209 2684 285 2765 quod
302 2686 339 2745 ab
360 2702 390 2744 se
409 2682 498 2743 teneri
518 2703 579 2745 uon
594 2704 676 2763 posse
691 2686 770 2765 judi-¹

103 2768 230 2835 cubam,
248 2783 286 2826 ue
310 2763 357 2825 cui
372 2778 445 2825 esset
462 2762 526 2825 usui
543 2763 704 2903 Κοωῆὶιῑῇ,
721 2762 780 2833 irs-,⁴

667 2862 687 2921 ¹1
