2000 3542
166 289 705 364 otBrrroGsstrcolrs.ll.
734 311 773 365 ys

148 426 271 495 XXV.
291 433 389 494 casas
409 433 445 491 ab
459 431 578 494 decima·
588 431 711 514 legn‘ortis
723 451 778 492 co·

106 509 279 574 hortatione
295 515 330 572 ad
349 512 481 573 dextrum
498 533 589 574 cornu
604 511 748 589 profectus
763 549 777 580 ‚

104 593 160 654 ubi
172 614 242 652 suos
256 591 367 674 urgeri,
386 592 528 672 signisque
537 592 568 650 in
576 609 667 652 ustum
676 594 779 652 locum

106 673 248 740 collatis,
269 671 444 732 duodecimis
453 671 575 750 legionis
585 671 689 731 milites
704 689 779 730 cort-

105 751 202 811 fertos
222 751 276 811 sibi
297 751 363 829 ipsis
383 751 418 810 ad
433 771 560 831 pugnam
577 769 637 810 csse
656 750 778 826 impedi-

105 847 213 892 mento
229 869 241 898 ,
260 849 362 908 quarta
382 828 508 890 cohortis
528 830 661 889 omnium
679 847 780 890 centu·

105 910 241 970 tionibus
259 911 358 970 occisis
373 947 384 978 ‚
401 909 590 990 signiferoque
603 908 752 970 interfecto
765 945 778 976 ‚

107 990 197 1070 signo
211 991 334 1059 amisso,
351 989 525 1065 reliquarum
538 987 701 1048 cohortium
712 1008 779 1047 om·

109 1071 197 1128 nibus
216 1067 276 1129 fere
296 1068 508 1128 centurionibus
525 1085 576 1128 aut
596 1068 775 1133 vulneratis,

110 1165 164 1208 aut
188 1146 314 1216 occisis,
331 1148 361 1206 in
382 1145 443 1215 his,
463 1147 612 1224 primipilo
625 1145 658 1207 P.
676 1145 780 1206 Sextio

110 1226 243 1294 Baculo,
257 1226 412 1288 fortissimo
425 1227 508 1295 viro,
524 1227 622 1288 multis
632 1225 778 1306 gravibus·

111 1325 170 1384 que
186 1305 348 1366 vulneribus
365 1306 515 1373 conlecto,
529 1323 565 1364 ut
577 1306 636 1383 jam
649 1324 680 1364 se
695 1303 777 1363 susti-

110 1405 183 1446 nere
201 1405 261 1444 non
279 1401 392 1461 posset3
408 1385 533 1460 reliquos
545 1404 604 1445 esse
617 1383 776 1450 tardiores,

113 1482 146 1524 et
161 1464 318 1524 nonnullos
333 1485 349 1524 a
366 1463 527 1524 novissimis
540 1463 662 1525 desertos
674 1462 780 1541 protlio

108 1543 272 1612 excedere,
291 1564 325 1604 ac
340 1545 398 1603 tela
412 1545 500 1605 vitare
513 1567 527 1618 ς
538 1541 633 1604 hostes
647 1561 740 1620 neque
757 1562 776 1600 a

111 1623 209 1684 fronte
230 1642 267 1684 ex
285 1621 418 1682 inferiore
435 1624 504 1684 loco
522 1626 669 1684 subeuntes
689 1623 780 1681 inter·

111 1703 248 1772 mittete,
265 1720 297 1762 et
312 1705 348 1762 ab
365 1720 486 1780 utroque
502 1705 591 1763 latere
606 1703 730 1771 instare,
746 1717 779 1761 et

113 1801 178 1842 rem
200 1783 305 1842 esseio
324 1799 443 1864 angusto
467 1783 557 1851 vidit,
575 1801 667 1860 neque
681 1781 778 1840 ullum

115 1881 177 1922 esse
201 1861 376 1930 subsidium,
402 1860 478 1938 quod
504 1861 630 1920 submitti
654 1877 778 1937 possete

114 1959 201 2000 scuto
224 1942 259 2000 ab
276 1940 437 2002 novissimis
452 1939 503 2000 uni
525 1939 613 1999 militi·
628 1937 774 2005 damme,

116 2019 220 2098 (quod
239 2021 298 2098 ipse
323 2041 361 2081 eo
381 2022 439 2080 sitio
460 2035 545 2082 scuto
556 2034 692 2087 verterat,
710 2019 724 2092 )
744 2017 775 2077 in

116 2100 240 2177 primam
252 2099 344 2159 aciem
354 2099 780 2176 processit3cenmrionibusque

115 2180 290 2240 uorrtinatim
311 2179 479 2256 appellatis,
498 2179 622 2256 reliquos
639 2177 778 2238 cohorta-

114 2276 183 2326 tus,
205 2260 311 2318 milites
327 2259 404 2340 signa
424 2258 551 2328 inferre,
572 2274 603 2317 et
616 2257 779 2335 manipulos

111 2338 216 2398 laxare
232 2337 326 2414 jussit,
341 2359 404 2414 quo·
413 2337 524 2400 facilius
539 2337 638 2418 gladiis
652 2336 694 2397 uti
711 2357 780 2414 poe

116 2415 299 2495 sent.·Huius
318 2415 439 2478 adventu
459 2437 511 2494 spe
522 2418 603 2478 illata
622 2416 780 2483 militibus,

114 2516 154 2556 uc
170 2496 358 2578 redintegrato
374 2497 490 2566 altimo,
508 2517 575 2557 cum
589 2516 642 2572 pro
659 2515 692 2556 se'
703 2494 782 2572 quis-

112 2595 173 2651 que
186 2575 217 2634 irr
226 2593 378 2652 conspectu
394 2577 575 2652 Imperatoris
585 2576 672 2636 etiam
685 2575 715 2634 in
726 2593 783 2635 eit-

114 2654 214 2714 cremis
230 2655 285 2714 suis
298 2655 379 2716 rebus
394 2675 512 2732 operam
524 2675 629 2718 navare
643 2671 780 2731 cuperet,

115 2735 233 2813 paulum
248 2732 375 2798 hostium
387 2735 512 2814 impetus
525 2735 648 2798 tardatus
659 2751 716 2798 est.
