2000 3542
227 379 252 434 x
325 377 387 428 ns
416 351 635 428 Cmsnnrs'
660 352 789 428 Vrrn

228 519 363 616 jusserit
382 520 495 616 ignem
514 519 670 602 immitti,
687 543 753 616 qua
769 515 905 589 flamma

229 636 265 686 et
278 615 405 690 navalia
421 617 598 687 combusta
609 667 620 699 ‚
633 640 669 688 et
679 618 787 689 vicina
800 617 834 685 in
845 615 917 686 Se-'

231 736 335 808 rapeo
360 713 590 797 bibliotheca,
612 739 687 810 quae
709 711 910 786 continebat

229 804 334 882 ferme
349 813 559 908 septingenta
570 835 592 878 a
602 810 812 882 voluminum
832 807 908 880 mil-

229 903 297 990 lia,
314 907 578 980 inaestimabilem
593 907 785 980 thesaurum
798 959 810 994 ,
825 907 909 978 Pto-

229 999 426 1077 lemaeorum
451 1005 573 1102 vigiliis
596 1030 660 1102 per
677 1004 844 1078 ducentos
869 1026 908 1074 et

229 1099 374 1197 amplius
394 1127 497 1174 annos
513 1101 707 1176 collectum.
735 1104 789 1174 At
809 1125 847 1172 ut
864 1102 907 1172 si·

229 1195 299 1269 leat
321 1199 435 1271 Caesar
447 1249 457 1283 ‚
480 1223 549 1271 non
570 1197 667 1272 silent
685 1197 905 1280 Plutarchus,

232 1291 304 1364 Dio
320 1347 329 1378 ,
342 1296 559 1379 Ammianus,
575 1294 639 1367 alii.
652 1294 747 1384 Quid
762 1294 855 1394 quod
870 1295 907 1365 in

232 1389 333 1462 rebus
348 1394 413 1464 suis
426 1417 493 1465 non
508 1395 585 1464 satis
595 1392 763 1464 interdum
772 1392 909 1466 veritati
957 1419 960 1432 ·

231 1485 354 1559 litaret.
373 1490 459 1562 Sane
473 1492 550 1562 satis
565 1513 718 1574 constat,
731 1489 775 1561 L.
793 1488 908 1562 Caeci-

230 1582 313 1655 lium
339 1586 518 1658 Metellum
552 1588 697 1659 sanctius
729 1589 909 1683 aerarium,

230 1684 327 1776 cujus
348 1682 459 1756 claves
484 1683 690 1756 abstulerant
712 1683 868 1770 consules
893 1736 906 1770 ,

231 1777 313 1850 sella
324 1780 496 1855 tribunitia
519 1785 694 1877 opposita,
718 1779 909 1856 defendisse
974 1789 999 1813 '‘

230 1873 390 1951 adversus
400 1876 569 1950 Caesatem
580 1903 592 1964 3
607 1879 696 1950 bunc
709 1902 819 1950 autern
832 1902 908 1950 tan·
999 1905 1000 1910 ¹

231 1997 349 2070 topere
364 1978 603 2048 comminatum
618 1972 716 2047 fuisse
731 1974 876 2049 Metello
892 2029 905 2061 ‚

228 2093 271 2144 ut
292 2072 389 2147 Urbe
403 2071 553 2170 fugeret:
565 2066 734 2170 postilla,
756 2071 910 2147 effractis,

231 2163 381 2254 foribus,
394 2169 566 2242 abstulisse
580 2170 754 2241 thesauros
765 2197 878 2244 sacros
890 2225 904 2258 ‚

231 2267 375 2433 'luipost
388 2265 519 2339 Urbem
535 2265 667 2338 aGallis
682 2291 812 2364 captam
826 2269 909 2345 istic·
980 2310 983 2314 ·

258 2364 377 2458 epositi
388 2387 481 2435 erant
495 2416 504 2446 ,
518 2387 618 2460 atque
634 2362 677 2434 ad
696 2387 844 2436 extrema
858 2369 906 2439 ci-

231 2458 343 2529 vitatis
367 2461 514 2556 pericula
529 2461 794 2533 reservabantur.
814 2465 908 2539 Sane*

234 2551 277 2624 de
298 2553 412 2628 clauso
433 2555 668 2654 perfractoque
684 2560 798 2631 aera'rio
815 2559 905 2647 -clari

227 2649 334 2724 ¹testes
347 2651 480 2727 Tullius
494 2654 537 2727 ad
548 2653 629 2767 Arte
640 2654 700 2730 lib.
714 2681 787 2732 v11
803 2660 909 2760 epistt

274 2767 383 2837 aGrll.
395 2770 445 2838 lib.
461 2784 488 2836 6.
504 2794 565 2860 cap.
582 2797 632 2849 17·
