2000 3542
233 340 813 429 324C.J.Cnstn1stnstrnt⁴.

235 484 314 576 §lum
322 484 503 565 pertinaciter
519 486 680 547 resisterent
691 484 850 577 oppidani,
872 498 903 545 et

235 586 296 642 jam
315 586 421 645 magna
434 585 513 644 parte
534 586 649 627 suorum
668 582 714 625 siti
732 586 849 634 amissa,
869 584 901 623 1n

234 645 372 705 sententia
382 662 598 722 permanerent3
609 644 645 704 ad
656 660 833 721 postremum
849 665 903 703 cu-

236 722 339 783 niculis
355 743 436 786 venae
452 726 539 784 fontis
563 724 698 784 intercisae
711 740 794 791 sunt,
813 740 901 799 atque

236 820 351 865 aversa.
373 802 445 881 Quo
462 804 540 865 facto
552 820 668 879 repente
686 802 749 861 lons
768 802 903 880 perennis

237 878 405 951 exhaustus,
424 900 535 943 tanmn
553 882 647 942 attulit
663 880 809 958 oppidanis
827 882 904 940 salu-

237 959 273 1017 tis
294 959 521 1037 desperationem
540 1000 552 1031 ‚
576 979 609 1021 tit
624 961 652 1020 id
670 980 730 1019 non
747 958 904 1018 hominum

238 1038 384 1108 consilio,
415 1040 463 1101 sed
477 1040 610 1101 Deorum
628 1040 776 1100 voluntate
792 1038 905 1099 factum

237 1130 379 1193 putarent.
387 1120 486 1198 ltaque
497 1117 663 1179 necessitate
671 1118 801 1179 coactise
814 1136 907 1177 trans·

239 1195 378 1258 didetunt.

276 1272 410 1349 XLIV.
429 1276 544 1346 caenr,
566 1297 634 1337 eum
652 1296 732 1337 suam
752 1273 904 1336 lenitatem

238 1354 386 1435 cognitam
408 1356 541 1417 omnibus
562 1356 643 1417 sciret
655 1377 665 1427 ς
679 1374 772 1433 neque
785 1374 903 1415 verere-

238 1448 304 1503 tur,
322 1454 358 1496 ne
373 1436 440 1512 quid
455 1435 620 1497 crudelitate
636 1454 741 1495 naturae
758 1432 906 1495 videretur

239 1513 465 1589 asperiusfecisse
476 1532 586 1591 3neque
594 1513 704 1575 exinrrn
713 1511 903 1573 consiliorum

237 1611 356 1656 suorum
367 1593 621 1661 animadverteret,
632 1592 655 1653 si
667 1593 719 1651 tali
727 1592 837 1651 ratione
852 1590 902 1651 di—

238 1670 326 1729 versis
342 1670 455 1732 inlotis
465 1672 559 1747 plnres
574 1673 711 1733 rebellare
729 1672 903 1748 coepissentt

237 1749 376 1828 exemplo
400 1750 532 1829 supplicii
563 1750 742 1813 deterrendos
775 1750 903 1827 reliquos

238 1826 532 1909 erdsdnavit.1taque
544 1831 694 1900 omnibus,
704 1830 751 1907 qui
763 1850 842 1889 arma
854 1846 904 1889 tu·

238 1905 352 1976 lerant,
370 1927 471 1971 manus
482 1908 605 1987 praecidit
615 1932 624 1969 s
636 1910 726 1971 vitam
740 1907 903 1980 concessit3

236 2006 298 2123 gro
324 1989 453 2049 testatior
479 2006 552 2051 esset
575 2008 660 2067 poena
688 1989 901 2064 improborum.
978 2038 984 2055 ,

268 2087 370 2143 rapas,
381 2088 466 2145 quern
480 2084 596 2144 captum
606 2088 692 2129 essea
706 2066 831 2127 Caninio
843 2066 901 2125 do·—

238 2144 311 2213 cui,
329 2147 388 2208 sive
403 2147 623 2227 indignatione,
639 2164 668 2207 et
683 2146 783 2206 dolore
800 2146 903 2207 vincu-

236 2220 344 2311 lorum,
354 2226 413 2287 sive
420 2226 525 2287 timore
535 2225 672 2306 gravioris
681 2225 820 2303 supplicii,
827 2246 902 2303 pau·-

232 2319 279 2369 ers
293 2300 392 2364 diebus
406 2324 474 2368 ,sese
490 2306 557 2365 cibo
573 2305 705 2365 abstinuit
720 2330 733 2374 ς
751 2322 836 2381 atque
858 2304 900 2365 ita

234 2378 354 2445 interiit.
373 2382 483 2445 Eodem
492 2402 626 2463 tempore
641 2382 788 2453 Luterius‚
811 2402 900 2460 quem

233 2459 394 2538 profugisse
409 2482 446 2523 ex
464 2465 568 2539 ptoelio
583 2463 698 2539 scripsi,
710 2483 777 2523 curn
794 2462 824 2521 in
839 2482 899 2539 po·

236 2551 366 2599 testatem
376 2542 497 2602 venisset
504 2542 654 2621 Epasnacti
666 2542 800 2611 Arverni,
810 2545 824 2616 (
833 2562 898 2601 cre·-
921 2578 928 2585 ·

237 2616 293 2677 bro'
305 2616 383 2688 enim
402 2620 543 2682 mutandis
552 2620 645 2691 locis,
661 2620 819 2681 multorum
831 2618 900 2681 fidoi
926 2666 929 2674 s

237 2714 276 2787 ⁸?-
288 2696 486 2761 committebat
502 2717 517 2771 v3
544 2700 621 2778 quod
642 2720 781 2777 nusquam
796 2698 900 2761 diutim

235 2795 298 2839 sine
320 2777 702 2861 periculooomprstaturus
726 2779 901 2857 viddsantr,
