2000 3542
167 339 354 399 πὲΒειιο
371 323 709 403 (inueniam
736 352 775 412 57

108 473 157 531 bat
173 495 183 532 s
198 480 267 530 nam
283 485 362 529 tanta
376 471 530 531 multitudo
543 472 650 549 lapides
663 494 698 532 ac
714 476 774 534 seh

105 551 324 628 conjiciebant,
340 565 373 608 ut
387 552 417 608 in
434 569 520 609 muso
533 553 704 612 consistendi
719 573 776 629 po·

106 645 193 690 testas
208 649 281 688 esset
294 628 379 688 nulli.
394 627 471 687 Cum
487 628 577 690 finem
591 632 776 711 oppugnandi

105 729 168 768 nox
185 708 315 774 fecisset,
329 707 423 765 Iccius
437 705 581 776 Rhemns,
594 731 705 769 summa
718 731 775 769 no-

106 788 220 846 bilinte
236 805 267 846 es
284 785 377 866 grstia
392 786 466 844 inter
479 805 564 855 suos,
576 789 625 864 qui
640 805 703 846 tum
719 809 776 864 op-

105 866 176 942 pido
193 883 330 942 praeeras,
349 883 423 924 unus
436 881 474 924 ex
489 865 546 933 iis,
560 867 611 942 qui
629 867 719 946 legati
733 867 771 925 ds

105 963 180 1021 pace
200 943 236 1004 ad
258 941 401 1002 cesarem
419 959 574 1013 venerant,
596 946 720 1005 nuncios
736 943 777 1006 sd

105 1041 175 1083 eum
187 1021 293 1090 mittis,
309 1019 383 1080 Nisi
396 1020 551 1082 subsidium
559 1021 616 1082 sibi
626 1022 752 1084 mittatur
758 1064 773 1094 ,

107 1121 141 1162 se
161 1100 269 1160 diutius
284 1098 421 1159 sustinere
433 1121 489 1160 non
501 1121 596 1181 posse.

148 1181 233 1243 VII.
253 1179 299 1238 Eo
317 1179 353 1240 de
367 1179 461 1239 media
480 1199 567 1241 nocte
584 1179 700 1250 ΟΜ,
719 1181 774 1240 iis-

107 1260 176 1320 dem
202 1259 318 1318 ducibus
338 1276 424 1328 usus,
446 1260 496 1335 qsti
517 1260 617 1320 nuncii
634 1262 672 1319 ab
692 1260 775 1321 Iccio

108 1355 268 1404 venerant,
281 1335 421 1396 Numidas
439 1353 468 1396 et
478 1336 578 1397 Cretas
595 1338 771 1419 sagittarios,

107 1435 138 1478 et
157 1417 313 1477 funditores
332 1416 463 1476 Baleares
479 1416 603 1476 subsidio
624 1417 776 1495 oppidanis

106 1498 199 1556 mittit
215 1520 224 1555 ε
241 1513 363 1572 quorum
374 1495 513 1564 adventu,
524 1515 554 1556 et
565 1495 684 1557 Rhemis
702 1519 772 1559 cum

107 1597 159 1654 spe
181 1573 350 1635 defensionis
365 1574 487 1635 studium
505 1595 559 1653 pso
636 1576 703 1636 andi
720 1597 773 1636 se-

107 1656 193 1717 cessit
211 1693 221 1724 ,
238 1671 268 1713 et
286 1651 412 1712 hostibus
428 1653 529 1714 eadem
548 1595 689 1715 ἔξω
709 1670 779 1732 spes·

107 1733 239 1814 potiundi
254 1731 350 1809 oppidi
364 1731 491 1793 decessit.
510 1732 609 1810 Inque
628 1735 787 1812 paulisper.

107 1815 184 1892 apud
201 1811 338 1890 oppidum
349 1809 473 1878 morati,
488 1829 627 1889 agrosque
641 1811 772 1871 Rhemo-

107 1915 174 1954 rum
190 1888 372 1968 depopulati,
389 1889 522 1947 omnibus
542 1890 614 1950 vicis
634 1890 773 1950 aedifisiis·

107 1993 165 2052 que
175 2011 186 2039 ‚
208 1990 267 2047 quo
288 1967 366 2027 adire
382 1983 544 2046 poterant,
568 1967 711 2037 incensis,
735 1967 772 2028 ad

107 2067 200 2115 castra
216 2047 334 2108 caesaris
350 2067 417 2107 cum
440 2047 571 2107 omnibus
587 2047 679 2124 copiis
695 2053 772 2108 don·

107 2130 276 2200 tenderunt3
288 2141 317 2188 et
326 2146 343 2185 a
353 2126 477 2187 millibus
486 2145 618 2204 passuum
627 2129 721 2188 minus
729 2147 769 2198 11,

108 2226 200 2272 castra
216 2222 371 2284 posuerunt
386 2228 396 2267 s
415 2225 475 2282 quae
491 2223 601 2274 castra,
619 2223 652 2266 ut
666 2208 771 2275 sumo,

108 2283 771 2443 isssffsssssiffiffiiiffisffiszffff'ssisszssssi·

149 2445 251 2510 v111.
276 2442 370 2503 caesar
385 2443 499 2519 primo,
518 2461 547 2502 et
563 2462 677 2522 propser
691 2446 771 2504 mul·

109 2525 259 2588 timdinem
281 2520 429 2590 hostium,
452 2538 480 2581 et
499 2540 615 2598 propser
633 2524 771 2585 eximiam

111 2601 773 2758 §dissidiissi‘tssi‘zsfszssss‘ssff

112 2763 182 2833 liis,
202 2759 269 2842 quid
290 2757 378 2822 hostis
399 2758 502 2824 virtuts
521 2778 633 2839 posset,
653 2778 684 2822 et
704 2759 774 2839 quid
