2000 3542
122 346 124 352 ·
155 326 692 421 υεΒειιιοΟΑιικοῑηΝ.
714 333 770 398 169'

109 463 219 526 litteras
241 462 391 541 publicas,
412 462 641 541 frumentumque
661 481 773 534 omne,

105 545 186 621 quod
203 564 241 603 eo
261 540 414 602 tolerandae
431 539 534 600 hiemis
552 561 636 603 causa
650 544 775 605 deuexe-

107 640 174 693 rat,
193 622 381 698 relinquebat.
405 617 529 688 Fabius,
547 638 580 679 ut
601 621 774 699 imperatum

110 719 190 771 erat,
202 721 262 762 non
274 702 312 761 ita
329 700 454 759 multum
466 716 611 769 moratus,
625 700 656 759 in
673 701 775 763 itinere

106 801 177 840 eum
195 781 312 861 legione
329 778 463 839 occurrit.
482 776 642 848 Labienus,
658 780 774 842 iuteritu

108 858 229 928 Sabini,
243 876 272 919 et
287 852 361 919 carde
379 855 545 917 cohortium
554 858 669 939 cognita
682 896 692 929 ,
705 881 773 921 cum

108 958 211 999 omnes
227 938 260 997 ad
279 958 347 998 eum
364 935 554 998 Trevirorum
574 936 664 1013 copiae
679 940 775 1001 venis·

106 1034 186 1085 sent,
212 1014 334 1084 veritus,
354 1016 436 1075 si‘ex
453 1013 576 1076 hibernis
595 1016 670 1098 fugae
692 1020 775 1081 umi-

107 1097 168 1157 lem
176 1096 383 1175 profectionem
393 1093 525 1163 fecisset,
542 1092 668 1155 hostiurn
675 1098 774 1175 impe-

108 1193 172 1235 tum
184 1175 318 1235 sustinere
328 1194 388 1233 non
402 1190 516 1251 posset,
537 1176 691 1250 presertim
700 1200 775 1254 quos

106 1254 216 1315 recenti
226 1253 349 1315 uictoria
360 1252 453 1313 efferri
469 1253 577 1322 sciret,
589 1252 695 1316 litteras
706 1254 773 1317 Cae-

107 1332 163 1393 sari
178 1331 313 1402 dimittit,
326 1349 434 1409 quanto
443 1352 517 1413 ¹cum
532 1332 663 1409 periculo
678 1337 772 1415 legio-

105 1432 174 1472 nem
202 1430 240 1473 ex
259 1410 383 1471 hibernis
408 1410 557 1477 educturus
568 1425 650 1473 ‘esset
672 1436 683 1487 ς
707 1436 770 1477 tem

104 1506 217 1573 gestam
238 1491 268 1551 in
293 1488 472 1551 Eburonibus
492 1488 665 1567 perscribit:
685 1494 772 1557 docet

103 1590 207 1631 omnes
222 1570 360 1647 peditatus
376 1569 570 1647 equitatusque
583 1571 683 1648 copias
696 1574 770 1635 Tre-

59 1672 61 1675 ’
104 1650 254 1719 virorum,
269 1668 312 1709 111
323 1648 414 1710 millia
425 1668 558 1726 passuum
567 1649 656 1731 longe
666 1654 703 1714 ab
713 1654 769 1717 suis

102 1730 201 1790 castris
221 1725 387 1789 consedisse.
626 1777 630 1785 .
725 1778 728 1781 .

142 1804 317 1869 XLVIII.
337 1807 452 1875 Caesar,
470 1805 594 1867 consilio
614 1808 674 1887 ejus
693 1832 765 1889 pro·

101 1890 194 1957 bato,
210 1887 286 1955 etsi,
311 1883 448 1963 opInio'ue
468 1904 526 1944 111
543 1883 694 1967 legionum
711 1892 765 1953 de·

99 1966 208 2045 jectus,
221 1966 257 2027 ad
270 1984 303 2024 11
316 1964 455 2034 redierat,
470 1981 568 2026 tamen
578 1985 668 2027 unum
679 1990 767 2031 com-⁴

101 2046 197 2107 munis
209 2044 304 2107 salutis
314 2044 451 2105 auxilium
461 2043 491 2103 in
508 2043 653 2107 celeritate
669 2068 763 2125 pone·-

100 2126 160 2187 bat.
170 2125 260 2189 Venit
270 2124 379 2203 magnis
388 2122 534 2186 itineribus
543 2123 573 2184 in
585 2124 760 2193 Nerviorum

8 2227 10 2234 ’
99 2204 181 2267 fines.
195 2204 239 2264 Ibi
253 2222 290 2265 ex
300 2202 418 2281 captivis
427 2202 576 2285 cognoscit
586 2242 601 2273 ,
613 2226 673 2281 quae
686 2211 760 2286 apud

97 2283 274 2345 Ciceronem
291 2299 445 2363 gerannur,
467 2300 630 2359 quantoque
652 2287 684 2345 in
702 2310 757 2365 pe·

98 2362 192 2424 siculo
212 2382 255 2423 res
271 2362 316 2421 sit.
335 2360 414 2421 Tum
433 2360 547 2422 ceddam
564 2382 602 2421 ex
618 2366 758 2442 equitibus

96 2442 197 2501 ¹Gallis
212 2442 322 2521 magnis
344 2438 464 2517 praetniis
478 2440 646 2517 persuadet,
662 2447 710 2508 mi*
720 2450 756 2509 ad

97 2521 272 2583 Ciceronem
281 2516 432 2597 epistolam
440 2518 557 2580 deferat.
572 2519 659 2584 Hanc
672 2524 755 2589 Graes

89 2601 138 2680 ¹cis
149 2599 338 2679 conscriptam
349 2598 449 2658 litteris
462 2598 551 2658 mittit
567 2620 578 2669 ς
596 2621 634 2662 ne
644 2642 654 2671 ‚
665 2604 753 2667 intem

95 2680 328 2819 cefftaepistpla,
347 2694 442 2739 nostra
452 2680 487 2740 ab
496 2674 631 2818 hostibu{³
633 2686 753 2749 consilia

159 2779 234 2819 omus
270 2803 280 2825 .
533 2806 538 2820 .
