2000 3542
125 349 306 413 osberto
324 341 765 427 Gitucotn.v111.3r5'

96 493 208 537 meatus
228 474 428 537 Romanorum
443 477 649 555 interceperat,
668 479 684 549 )
706 493 766 539 non

95 556 221 633 amplius
231 552 384 616 hominum
398 578 421 617 v
432 558 558 617 millibus
575 576 611 617 ex
627 558 694 639 fuga
706 560 768 619 col-²

94 634 199 704 lectis,
216 632 399 696 Provinciam
414 654 534 713 petere;
550 656 661 715 unaque
674 638 769 699 consi*

93 714 169 774 lium
183 726 250 774 cum
257 734 293 773 eo
304 712 450 775 Laterium
462 715 626 776 Cadurcum
638 720 765 794 cepisse,

92 813 185 870 quem
204 794 281 853 insu
303 795 396 855 eriore
414 794 659 863 Commentario,
673 798 767 873 prima

54 882 63 886 “
94 814 394 943 ἀεῖοεάοηεᾶεύῐίκ,
414 873 508 933 facere
526 877 555 934 in
581 872 766 937 Provinciam

10 1017 12 1026 ‚
94 951 238 1028 impetum
271 953 395 1013 voluisse
427 954 577 1033 cognitum
597 971 654 1015 est:
679 954 767 1015 Cani·

41 1098 44 1103 .
92 1032 157 1091 nius
169 1033 298 1111 legatus,
320 1053 389 1100 cum,
398 1032 559 1114 legionibus
582 1052 634 1102 11,
659 1034 694 1094 ad
714 1054 766 1094 eos

92 1111 301 1189 persequendos
327 1113 503 1186 contendit3
529 1132 565 1171 ne
595 1113 629 1172 de
660 1115 764 1173 timore

93 1190 323 1251 autdetrimento
334 1189 625 1271 Provinciae,magna
634 1191 763 1261 infamia,

92 1269 271 1348 perditorum
292 1268 445 1331 hominum
462 1270 645 1340 latrociniis,
681 1292 766 1349 cape·

93 1368 183 1410 retur.
359 1362 362 1365 ’

133 1424 273 1488 XXXI.
293 1426 331 1487 C.
353 1426 456 1487 Fabius
473 1448 541 1487 cum
557 1428 666 1506 reliquo
683 1448 765 1489 exer·

91 1506 175 1576 citu,
200 1506 230 1566 in
248 1506 388 1567 Carnutes
408 1505 584 1585 reliquasque
609 1507 766 1585 proficisci·

93 1602 140 1647 tur
162 1586 316 1655 civitates,
336 1605 456 1664 quarum
477 1606 516 1647 eo
538 1588 665 1664 proelio,
688 1583 764 1666 quocl

91 1686 161 1727 cum
177 1664 336 1725 Dumnaco
348 1666 478 1735 fecerat,
495 1666 592 1743 copias
609 1686 669 1727 esse
685 1668 768 1739 acci<

92 1760 136 1804 tas
157 1743 272 1805 sciebat.
291 1744 362 1803 Non
386 1745 464 1805 enim
493 1746 664 1816 dubitabat,
690 1749 763 1821 'quin

93 1824 201 1885 recenti
218 1823 383 1883 calamitate
400 1821 593 1897 submissiores
611 1844 702 1885 essent
715 1828 763 1887 fu·

93 1920 185 1976 tnrae;
202 1903 269 1962 dato
287 1924 358 1964 vero
381 1903 473 1979 spatio
488 1922 523 1963 ac
540 1920 694 1981 ternpore,
711 1923 762 1979 eo-

94 1983 162 2043 dem
182 1983 301 2043 instante
319 1982 499 2050 Dumnaco,
522 1998 637 2059 possent
657 1984 761 2043 conci-

94 2063 159 2123 tari.
173 2060 241 2139 Qua
252 2061 283 2120 in
302 2079 350 2130 te,
367 2080 479 2122 summa
494 2060 761 2123 felicitasceleritas·

95 2142 190 2219 quein
202 2140 368 2217 recipiendis
381 2139 539 2212 civitatibus
553 2138 673 2200 Fabium
684 2161 758 2202 con-

96 2223 220 2297 sequitur
231 2240 315 2280 :nam
322 2220 481 2289 Carnutes,
496 2219 555 2299 qui,
564 2240 636 2297 saepe
647 2222 755 2290 vexati,

97 2320 243 2377 nunquam
257 2298 334 2376 pacis
352 2299 479 2359 fenerant
492 2300 691 2368 mentionem,
710 2303 759 2361 da·

97 2380 133 2439 tis
145 2377 307 2444 obsidibus,
324 2378 441 2438 veniunt
455 2378 485 2437 in
504 2377 676 2441 deditionem
689 2402 699 2448 ς
711 2400 759 2441 ee·

97 2476 218 2535 terreque
236 2456 363 2516 civitates
383 2456 480 2534 positae
506 2457 535 2516 in
559 2456 666 2517 ultimis
684 2457 759 2531 Gal·

96 2539 142 2597 liae
153 2536 273 2606 finibus,
291 2534 415 2597 Oceano
432 2535 589 2613 conjunctae
602 2575 612 2606 ,
627 2558 687 2615 quae
700 2542 757 2601 Ar·

97 2616 213 2676 moricae
229 2616 427 2694 appellantur,
448 2618 615 2677 auctoritate
633 2616 756 2679 adductae

97 2694 274 2763 Carnutum,
288 2695 411 2758 adventu
429 2692 511 2754 Fabii
533 2696 756 2777 legionumque,

97 2776 237 2855 imperata
260 2773 319 2835 sine
344 2793 428 2835 mota
445 2772 562 2835 faciunt.
591 2774 757 2837 Dumnacus

575 2850 674 2931 net,
