2000 3542
238 293 298 363 ,²3⁴
326 270 609 338 &Messius
629 272 850 341 Coumeur..

234 417 328 508 petuis
341 390 466 477 trabibus
480 412 567 503 pedet
580 414 773 497 quadragenos
781 415 909 510 plerumi

235 518 288 577 que
307 515 442 557 introrsus
463 511 610 567 revincta,
631 516 717 577 neque
741 517 906 579 perrumpe,

187 639 189 644 ,
289 595 323 636 ue
335 571 458 636 distrahi
467 591 570 655 potest.
762 646 764 653 Ι

234 596 416 718 ἽΧΝ.
438 655 475 715 lis
492 670 538 717 tot
550 654 633 715 rebus
652 653 790 733 impedita
809 676 914 734 oppu-

235 736 391 819 gnatione,
410 733 536 802 milites,
549 754 618 795 cum
632 750 697 794 toto
715 737 906 812 temporelu·

236 832 285 884 to,
298 814 405 894 frigore
415 855 432 882 ,-
439 831 469 874 et
478 810 592 875 assiduis
602 810 739 875 imbribus
753 814 906 877 tardaren-

237 911 302 964 tur,
321 913 418 954 ramen
435 892 594 953 continenti
612 892 711 955 labore
722 894 822 955 omnia
839 892 906 959 haec

236 989 455 1050 superaverunt,
467 988 498 1033 et
510 970 607 1033 diebus
617 992 667 1053 ux
675 994 696 1033 v
706 993 841 1055 aggerem
858 974 908 1037 la·

137 1106 142 1113 .
235 1050 905 1130 tumpedescccxxx‚altumpedesrxxx,

236 1150 443 1195 exstruxerunt.
452 1130 531 1193 Cum
544 1131 567 1191 is
587 1150 703 1191 mutum
716 1130 842 1193 hostium
852 1154 908 1211 pe·

236 1231 275 1272 ne
289 1212 487 1292 contingeret,
497 1229 527 1271 et
542 1208 637 1271 Caesar
646 1210 680 1269 ad
691 1232 763 1289 opus
779 1232 908 1275 consue·

236 1290 334 1353 tudine
352 1293 505 1353 excubaret
523 1330 534 1361 ,
558 1290 718 1367 militesque
734 1289 906 1355 cohortare-

235 1387 304 1442 tur,
319 1370 441 1449 nequod
453 1370 575 1431 omnino
586 1387 696 1446 tempus
707 1372 743 1431 ab
755 1390 841 1447 opere
857 1370 906 1431 in·
968 1390 971 1396 ·

236 1450 460 1525 tetmittetetur;
480 1450 569 1527 paulo
579 1466 705 1509 antem
716 1449 846 1530 vigiliam
858 1466 905 1511 est

235 1530 464 1592 animadversum
478 1568 488 1595 ,
507 1528 618 1589 fumare
641 1548 797 1611 aggerem,
812 1550 904 1609 quem

235 1609 370 1671 cuniculo
391 1607 485 1667 hostes
498 1608 719 1683 succenderant;
738 1608 903 1693 eodemque

234 1706 365 1766 tempore
375 1704 439 1748 toto
449 1706 532 1761 muro
545 1686 672 1747 clamore
686 1688 818 1757 sublato,
831 1687 902 1749 dua.

236 1770 288 1829 bus
295 1765 385 1845 portis
404 1768 440 1827 ab
449 1784 571 1845 utroque
582 1766 671 1845 latere
686 1767 805 1829 turrium
814 1787 905 1847 erup-

234 1847 278 1907 tio
295 1848 391 1909 fiebat.
404 1846 466 1909 Alii
480 1846 557 1908 faces
573 1865 657 1925 atque
677 1846 786 1909 aridam
806 1866 903 1911 mate·

233 1926 308 1987 riem
332 1926 367 1988 de
383 1946 468 1989 muro
482 1925 514 1986 in
534 1948 549 1986 a
571 1946 668 2007 gerem
684 1926 795 1987 eminus
809 1925 902 2005 jacie·

234 2008 325 2079 bant3
341 2008 437 2085 picem
448 2005 516 2077 alii,
529 1945 703 2084 reliquasque
718 2026 782 2077 res,
799 2005 904 2085 quibus

225 2085 308 2165 ignis
319 2085 437 2147 excitari
449 2102 563 2164 potest,
580 2084 753 2155 irridebant:
767 2104 819 2155 ut,
838 2106 902 2164 quo

232 2164 360 2242 primum
369 2184 585 2233 occurreretur,
607 2182 655 2225 aut
670 2165 716 2225 cui
727 2164 769 2225 rei
779 2164 902 2229 ferretur

233 2244 396 2312 auxilium,
411 2244 461 2305 vix
476 2244 550 2303 ratio
558 2241 625 2303 iniri
643 2261 747 2321 posset.
758 2244 899 2317 Tamen,

234 2323 313 2401 quod
327 2323 456 2391 instituto
475 2322 592 2383 Cataris
602 2321 662 2383 duae
678 2343 788 2400 semper
803 2323 900 2405 legio·

232 2422 283 2463 nes
293 2423 346 2481 pro
356 2404 452 2464 castris
460 2404 656 2471 excubabant,
674 2402 823 2481 pluresque
832 2423 900 2480 par·

233 2480 292 2546 titis
306 2481 525 2559 temporibus”in
539 2501 625 2559 opere
643 2498 723 2543 etant
737 2520 747 2551 ‚
766 2480 902 2550 celeriter

232 2560 422 2631 factumest,
449 2578 481 2621 ut
503 2560 553 2631 alii
571 2559 765 2639 eruptionibus
786 2562 900 2623 resiste·

233 2657 321 2710 rent,
340 2640 388 2699 alii
407 2659 495 2702 turres
508 2639 689 2711 reducerent,
703 2660 899 2721 aggeremque

230 2719 490 2797 interscindereut,
516 2720 610 2784 omnis
638 2739 708 2787 reto
734 2740 771 2783 ex
795 2720 894 2785 castris
