2000 3542
167 303 695 409 nnnnnocnmcotranurt.
717 334 777 425 νδ,

108 502 163 551 nus
184 491 323 561 volebat,
348 508 434 569 quarn
452 489 502 548 sub
524 486 674 549 discessum
690 501 774 550 suunt¹

107 571 305 629 necessitatem
315 570 367 631 sibi
381 571 507 647 aliquam
519 568 630 645 imponi
639 568 709 628 beili
720 585 774 649 ge*

107 648 219 719 tendit
246 667 308 718 ne,
335 660 403 711 cuni
427 646 584 709 exercitum
605 648 773 709 deducturus

108 742 202 795 esset,
213 728 323 803 bellum
334 727 452 805 aliquod
462 728 683 803 relinqueretur,
695 728 776 803 quod*

106 807 203 864 omnis
214 804 315 865 Gallia
335 808 457 867 libenter
475 807 537 865 sine
550 807 678 881 praesenti
695 807 772 882 peri*

105 887 177 945 tulo
187 886 348 961 susciperet.
360 886 459 963 Itaque
471 925 480 954 ,
493 882 652 943 honorifice
669 886 773 946 civita-

107 976 152 1022 tes
162 964 350 1039 appellando,
364 964 504 1043 principes
514 962 646 1023 maximis
652 966 773 1043 praemiis

108 1039 261 1102 afficiendo
273 1081 284 1113 ,
296 1044 375 1103 nulla
387 1064 474 1104 onera
482 1064 558 1103 nova
577 1043 617 1102 im
638 1044 772 1114 onendo,

108 1121 248 1181 defessam
271 1139 317 1182 tot
337 1122 460 1182 adversis
478 1121 585 1200 proeliis
643 1123 773 1193 alliam,
844 1190 846 1196 ¹

106 1201 275 1261 conditione
284 1201 400 1279 parendi
412 1202 554 1269 meliore,
569 1198 653 1260 facile
661 1201 691 1259 in
700 1216 772 1279 pace

108 1280 264 1342 continuit.
373 1279 377 1288 '

149 1357 185 1421 L.
196 1359 279 1436 lpse,
297 1355 419 1418 hibernis
430 1355 570 1435 peractis,
589 1369 773 1419 contiacum

108 1436 288 1497 suetudinem
298 1438 328 1497 in
339 1438 452 1497 Italiam
469 1458 556 1514 quarn
574 1438 707 1497 maximis
723 1438 775 1497 iti·

108 1517 223 1578 neribus
234 1532 277 1576 est
290 1517 450 1594 profectus3
466 1535 498 1577 ut
511 1516 666 1595 municipia
680 1534 708 1577 et
720 1538 775 1577 co-

108 1595 204 1656 lonias
236 1599 422 1675 appellaret,
452 1597 551 1675 quibus
581 1598 625 1657 Μ.
652 1594 777 1657 Antonii

111 1674 256 1752 quaestoris
271 1676 314 1737 sui
330 1676 546 1755 commendaret
561 1676 708 1738 sacerdotii
721 1696 775 1754 pe-

112 1755 268 1815 titionem:
290 1756 480 1816 contendebat
497 1757 586 1844 enim⁸
597 1758 686 1835 gratia
708 1777 777 1817 cum
870 1826 872 1833 ,
955 1780 959 1795 ·

112 1834 238 1893 libenter
253 1854 306 1913 pro
322 1833 440 1895 homine
455 1833 507 1893 sibi
521 1835 776 1911 conjunctissimo,

112 1930 200 1991 quem
219 1916 307 1991 paulo
341 1932 406 1974 ante
425 1912 596 1990 praemiserat
614 1912 648 1971 ad
660 1912 779 1989 petitio·

113 2011 201 2065 nem3
216 2009 278 2052 tum
296 1993 503 2053 ac'ritetcontra
520 1990 675 2051 factionem
689 2011 779 2071 erpa⁴
816 2014 820 2021 ⁴

115 2073 234 2131 tentiam
267 2090 427 2141 aucorum‚
450 2072 499 2149 qui
522 2070 567 2132 M.
594 2071 716 2131 Antonii
737 2092 781 2132 re·
818 2098 821 2105 ⁴

115 2152 214 2229 pulsa,
260 2151 349 2211 aesaris
361 2151 519 2215 decedentis
538 2150 700 2210 convellere
714 2166 780 2233 gra-¹

117 2230 189 2290 tiam
207 2229 369 2306 cupiebant.
390 2222 477 2290 Hunc
490 2230 541 2291 etsi
553 2246 689 2311 augurem
704 2232 781 2309 prius

117 2309 250 2375 factum,
268 2318 355 2384 quatu
368 2310 481 2369 Italiam
497 2310 666 2388 attingeret,
684 2310 713 2368 in
732 2310 781 2368 iti-

119 2405 189 2448 nere
208 2385 351 2462 audieram
377 2404 474 2447 tamen
494 2404 555 2445 non
573 2388 664 2447 minus
678 2388 782 2466 justum

120 2465 174 2529 sibi
191 2482 305 2525 causam
315 2465 468 2541 municipia
480 2482 510 2525 et
524 2468 651 2525 colonias
663 2468 784 2529 adeundi

122 2543 317 2613 existimavit,
337 2560 368 2603 ut
384 2545 418 2603 iis
433 2546 536 2625 gratias
558 2564 654 2625 ageret
673 2589 682 2617 ‚
706 2550 784 2625 quod

120 2622 310 2699 irequentiam
324 2638 406 2700 atque
421 2617 547 2695 officium
558 2644 639 2685 suum
655 2622 786 2689 Antonid

124 2702 338 2781 praestitissent:
367 2701 506 2779 simulque
535 2723 564 2763 se
590 2724 618 2765 et
645 2702 788 2766 honorem

125 2800 209 2919 ⁸⁰¹¹?
225 2780 255 2838 in
271 2782 408 2920 sequentis
423 2783 492 2845 anni
507 2784 721 2923 commendgret
734 2804 788 2863 pe·

195 2876 271 2921 σιω
301 2902 311 2925 .
693 2884 710 2925 e
