2000 3542
261 356 315 415 252
337 338 414 409 e.J.
428 338 843 406 Cnsun1sCouusnr.

264 471 343 551 jubet
357 493 452 554 petere
466 478 610 557 regiones,
620 478 692 539 Haec
709 477 812 555 procul
825 496 865 537 ex
878 496 938 552 op-

265 553 333 629 pido
348 556 515 621 videbanntr
527 578 537 629 3
555 574 586 618 ut
601 574 661 619 erat
673 579 690 616 a
701 556 853 637 Gergovia
865 554 936 644 des-⁸

265 650 363 707 pectus
372 635 403 695 in
412 655 519 697 castra:
544 656 635 728 neque
644 654 727 697 tanto
735 640 848 712 spatio,
864 654 937 693 cerer

268 712 334 786 quid
351 732 443 785 esset,
464 716 606 791 explorari
623 732 744 791 poterat.
767 712 936 794 Legionem

267 809 355 851 unam
367 794 470 854 eodem
485 794 554 874 jugo
565 795 669 863 mittit,
688 811 716 853 et
729 795 849 870 paulum
860 812 934 868 pro-

266 888 390 947 gressam
401 873 535 933 inferiore
549 874 617 933 loco
624 872 784 940 constituit,
797 871 934 947 silvisque

268 951 404 1011 occultat.
424 955 555 1029 Augetur
574 950 669 1013 Gallis
689 950 828 1027 suspicio,
845 968 934 1026 arque

269 1045 369 1089 omnes
377 1030 429 1089 illo
441 1030 633 1091 munitionum
647 1028 935 1108 copiaetransducun·

267 1119 323 1165 tur.
338 1106 439 1169 Vacua
458 1128 549 1171 castra
565 1108 691 1171 hostium
710 1106 938 1185 cesareonspii

268 1202 363 1255 catus,
380 1188 461 1248 tectis
475 1188 630 1269 insignibus
640 1208 776 1255 suorum,
799 1189 933 1248 occulta·

268 1264 358 1342 tisque
372 1266 393 1325 si
414 1265 456 1325 nis
467 1267 634 1329 militaribus
645 1306 654 1337 ‚
666 1286 744 1327 raros
752 1264 859 1325 milites
870 1300 881 1333 ,
894 1286 933 1326 ne
985 1300 986 1307 κ

267 1362 306 1401 ex
315 1286 422 1422 oppido
434 1345 741 1413 animadverterentur,
756 1364 793 1405 ex
806 1343 933 1420 majori·

268 1421 319 1481 bus
336 1424 431 1483 castris
443 1423 473 1481 in
491 1425 605 1485 minora
623 1424 794 1495 transducit3
814 1424 933 1501 legatis·

266 1520 338 1575 que,
357 1523 428 1577 quos
444 1500 561 1583 singulis
571 1502 731 1584 legionibus
747 1501 930 1580 prefecerat,

266 1578 334 1653 quid
352 1580 414 1639 lieri
426 1582 532 1650 vellet,
547 1582 687 1643 ostendite
709 1582 740 1641 in
750 1579 848 1658 primis
860 1603 930 1642 mo·

265 1672 334 1727 net,
357 1675 390 1719 ut
399 1658 565 1721 contineant
575 1661 700 1730 milites,
717 1680 754 1719 ne
763 1660 856 1721 studio
872 1683 929 1739 pu-

264 1735 369 1815 gnandi
386 1774 397 1806 ,
427 1757 477 1797 aut
494 1760 543 1816 spe
560 1740 656 1817 praedae
674 1739 788 1820 longius
805 1759 928 1820 progre-

267 1815 392 1877 diantur:
403 1816 470 1893 quid
480 1817 611 1896 iniquitas
626 1819 684 1879 loci
698 1817 801 1877 habeat
812 1819 929 1879 incom-

266 1895 368 1966 modi,
380 1898 532 1973 proponit:
553 1896 610 1959 hoc
620 1919 677 1959 una
689 1897 833 1959 celeritate
844 1918 928 1974 posse

265 1973 370 2034 vitari:
389 1975 547 2037 occasionis
565 1996 623 2039 esse
642 1996 721 2045 rem,
740 1993 800 2035 non
820 1978 925 2054 proelii.

266 2051 322 2113 His
341 2054 422 2115 rebus
437 2055 598 2131 expositis,
623 2055 736 2137 signum
760 2053 823 2124 dat,
843 2076 874 2117 et
890 2058 926 2117 ab

264 2131 361 2192 deutra
373 2150 452 2210 parte
468 2134 527 2195 alio
534 2133 666 2205 adscensu
681 2133 785 2196 eodem
796 2154 927 2214 tempore

262 2207 370 2270 AEduos
382 2211 478 2279 mittit.
739 2222 763 2277 ,’

304 2286 436 2351 XLVI.
454 2289 562 2369 Oppidi
575 2311 670 2351 murus
686 2292 722 2351 ab
744 2290 861 2368 planitie
881 2309 922 2353 at·

265 2388 322 2445 que
345 2367 430 2430 initio
455 2370 619 2438 adscensus,
639 2386 716 2429 recta
737 2370 875 2449 regione,
900 2372 923 2431 si

265 2448 360 2507 nullus
370 2447 509 2509 anfractus
520 2448 722 2517 intercederet,
734 2470 759 2511 nt
771 2471 787 2509 c
800 2470 817 2509 c
829 2470 922 2527 passus

264 2526 593 2606 aberatrquidquidbuic
603 2526 734 2587 circuitus
742 2528 776 2587 ad
783 2529 921 2589 mollien-

264 2603 333 2665 dum
354 2606 461 2667 clivum
475 2623 647 2675 accesserat,
659 2604 687 2665 id
701 2608 822 2682 spatium
834 2607 919 2667 itine-

265 2684 304 2746 ris
325 2686 456 2765 augebat.
477 2686 507 2746 A
525 2684 622 2748 medio
640 2684 699 2747 fere
718 2684 794 2749 colle
807 2684 837 2758 ln
857 2684 922 2745 lon-

262 2763 416 2845 gitudine,
437 2781 469 2827 ut
486 2779 586 2830 natura
606 2764 713 2825 montis
730 2764 862 2835 ferebat,
882 2784 918 2827 ex
