2000 3542
226 291 262 366 73
301 267 338 336 C.
352 259 811 340 J'.Cnstn1sconnsnr;

263 419 396 482 XXVI.
414 420 510 480 Caetar
529 426 597 481 cum
620 420 770 498 septimam
790 415 894 501 legio*

224 518 314 567 nem,
331 519 391 576 quat
410 500 488 576 juxta
505 501 691 570 constiterat,
706 502 777 561 item
793 494 894 579 urgeri

224 580 261 637 ab
270 575 357 638 ‘hoste
371 579 505 648 vidisset,
522 579 666 641 Tribunos
677 581 741 640 mil.
752 577 865 638 monuit
876 603 891 644 a

224 675 257 716 ιιι
274 659 412 734 paulatim
429 677 488 718 sese
506 658 634 737 legiones
654 658 890 738 conjungerent,

226 752 255 794 et
269 756 405 799 conversa
416 737 495 818 signa
506 737 536 796 in
553 737 648 798 hostes
657 737 802 798 inferrent.
816 733 892 812 Quo

223 815 322 886 facto,
342 837 408 876 cum
433 816 496 876 aliis
519 816 569 876 alii
589 817 741 877 subsidium
761 815 892 882 ferrent,

224 915 317 970 neque
335 895 469 955 timerent
497 915 535 955 ne
557 889 648 956 aversi
666 897 701 955 ab
720 894 802 954 hoste
830 893 892 952 cir-

224 973 471 1043 cumvenirentur,
485 974 617 1035 audacius
628 975 774 1040 resistere,
787 993 822 1032 ac
830 972 893 1031 for⁴

225 1051 281 1110 tius
295 1064 421 1132 pugnare
432 1068 589 1131 coeperunt.
602 1054 719 1114 Interim
730 1053 835 1112 milites
846 1051 893 1110 le·

226 1130 346 1210 gionum
360 1130 498 1201 duarum,
512 1132 616 1208 qnaein
630 1124 786 1194 novissimo
796 1150 894 1209 agmr

226 1229 263 1268 ne
278 1209 407 1286 presidio
416 1209 630 1289 'impedimentis
641 1212 769 1280 fuerant,
785 1208 892 1287 proelio

226 1290 379 1357 nunciato,
399 1309 482 1350 cursu
496 1289 633 1359 incitato,
646 1291 677 1350 in
687 1311 800 1350 summo
813 1289 905 1348 colle

226 1369 262 1426 ab
282 1367 406 1428 hostibus
421 1368 683 1446 conspiciebantnrz
696 1387 725 1430 et
740 1367 894 1429 Tslabie·

227 1466 280 1504 nus
301 1449 396 1536 castris
415 1445 542 1509 hostium
567 1450 696 1524 potitus,
713 1467 742 1508 et
764 1468 801 1507 ex
817 1448 891 1505 Ioco

227 1538 395 1600 superiore,
415 1546 474 1602 quae
492 1546 535 1585 res
557 1527 588 1586 in
604 1527 707 1587 nostris
723 1525 819 1588 castris
836 1545 897 1604 ge*

228 1622 373 1672 mensur,
385 1603 579 1681 conspicatus,
592 1605 734 1666 decimam
743 1605 894 1684 legionem

228 1682 350 1742 subsidio
365 1683 465 1742 nostris
482 1684 581 1756 misit,
597 1685 666 1762 qui,
683 1706 752 1746 cum
761 1704 798 1744 ex
810 1682 894 1760 equi·

228 1775 291 1820 tum
317 1779 347 1822 et
365 1764 500 1822 calonum
520 1763 606 1843 fuga,
625 1785 683 1856 gno
705 1765 736 1824 in
754 1765 823 1824 Iooo
844 1781 892 1824 res

229 1856 321 1909 esset,
335 1861 504 1919 quantoque
526 1843 557 1902 in
580 1843 708 1920 p'enculo
728 1862 758 1904 et
779 1858 890 1909 castra,

230 1937 259 1978 et
274 1921 420 2001 legiones,
436 1939 465 1982 et
475 1922 638 2000 Imperator
652 1939 825 1990 versarentr,
838 1938 896 1980 co-

230 2003 414 2077 gnovissent,
427 2000 500 2061 nihil
516 2003 551 2063 ad
563 2002 737 2065 celeritatem
753 2001 804 2062 sibi
819 1999 893 2061 reli-

231 2078 280 2151 qui
296 2078 433 2140 fecerunt.
882 2105 886 2111 ’

271 2153 423 2220 XXVII.
439 2157 554 2220 Horum
568 2159 690 2223 adventu
702 2176 782 2222 tanta
794 2177 893 2230 termo

232 2238 422 2296 commutatio
441 2256 483 2312 est
498 2238 592 2307 facta,
616 2258 647 2300 ut
668 2241 782 2308 nostri,
802 2238 892 2298 etiam

232 2312 281 2387 qui
288 2314 449 2376 vulneribus
457 2317 579 2376 confecti
585 2321 814 2393 procubuissent,
828 2337 894 2376 scu·

233 2390 269 2449 tis
286 2391 395 2464 innixi,
415 2395 547 2471 ptoelium
566 2397 786 2480 redintegrarent
801 2417 810 2466 ;
828 2413 893 2454 tum

233 2470 378 2541 calones,
406 2475 567 2551 perterritos
588 2473 683 2538 hostes
707 2474 892 2553 conspicati,

235 2549 322 2609 etiam
338 2551 460 2612 inermes
473 2555 587 2615 armatis
600 2573 792 2619 occurrerent.
804 2553 895 2629 Equi·

200 2647 202 2654 ’
234 2643 276 2686 tes
299 2649 391 2702 vero,
417 2648 451 2691 ut
469 2632 669 2709 turpitudinem
691 2637 764 2717 luga
788 2633 892 2694 virtute

232 2703 381 2780 delerent,
405 2711 536 2774 omuibus
560 2714 591 2774 in
609 2715 680 2778 loeis
702 2715 894 2796 pugnabant,

834 2808 897 2870 quo
