2000 3542
227 312 284 370 ¹34
313 286 815 357 cananaeorum

222 424 323 505 peditis
339 444 396 494 rr,
416 437 449 485 et
463 422 604 499 equitibus
626 442 747 493 occe,
764 421 795 483 in
820 422 892 487 fines

223 504 411 565 Trevirorum
427 500 615 580 proficiscitur
629 524 641 574 ς
661 502 738 579 quod
752 500 785 563 hi
799 520 893 580 neque

224 585 259 643 ad
267 583 394 643 -concilia
404 582 577 651 veniebant,
593 602 686 659 neque
699 582 822 658 imperio
835 602 890 659 pa-

222 664 342 731 rebant,
365 658 582 738 Germanosque
597 660 814 727 transrhenanos
833 661 892 723 sol·

220 741 333 802 licitare
352 740 527 801 dicebantur.
737 782 738 789 κ

261 820 325 882 ΙΙΙ.
337 817 408 879 Haec
423 816 528 878 civiter
546 815 627 897 longe
641 814 787 897 plurinum
802 814 890 881 totius

222 894 330 959 Gallice
345 897 470 976 equitatu
490 893 569 955 valer
586 916 599 967 ,·
619 916 788 976 magnusque
806 894 890 961 haber

221 976 316 1056 copias
340 974 491 1055 peditum,
520 970 727 1052 Rhenumque,
753 994 783 1035 ur
807 994 892 1055 rupto

220 1052 471 1118 demonstravimus
484 1096 501 1122 ,
529 1053 631 1133 tangit.
655 1054 689 1113 In
714 1074 749 1115 ea
771 1054 890 1121 civitate

220 1132 280 1193 duo
296 1135 331 1194 de
347 1133 507 1211 principatu
522 1134 596 1193 inter
611 1153 641 1193 se
655 1133 890 1203 contendebant,

220 1213 436 1274 lnduciornarus
459 1229 491 1273 et
508 1211 564 1271 Cin
583 1212 677 1272 etorix
697 1235 706 1271 r
726 1232 765 1281 ex
788 1213 889 1289 quibus

221 1294 308 1362 alter,
320 1292 500 1368 simulatque
512 1292 545 1352 de
583 1292 672 1351 aesaris
682 1292 887 1373 legionumque

221 1374 344 1435 adventu
361 1371 512 1452 cognitum
527 1388 587 1440 est,
605 1370 640 1430 ad
656 1392 723 1433 eum
739 1372 817 1443 venit
831 1392 841 1443 r
857 1390 887 1433 se

221 1471 342 1528 suosque
356 1452 460 1510 ornnes
478 1451 511 1509 in
530 1448 631 1519 officio
644 1450 774 1519 futuros,
791 1468 887 1527 neque

220 1532 256 1589 ab
275 1529 401 1589 amicitia
417 1530 519 1607 populi
533 1529 570 1590 R.
587 1528 763 1598 defecturos,
779 1528 885 1589 confir-

219 1609 338 1681 mavits
359 1628 475 1685 querque
497 1608 528 1667 in
552 1608 678 1675 Treviris
698 1626 884 1689 gererentur,

222 1687 355 1748 ostendit,
367 1686 411 1747 Ar
426 1685 639 1747 Indutiomarus
654 1689 812 1765 equitatum
829 1708 885 1765 pe·

218 1764 393 1843 ditatumque
408 1784 515 1846 eogere
531 1787 543 1837 ς
561 1766 671 1843 iisque,
690 1767 737 1843 qui
752 1787 802 1843 per
819 1784 886 1829 aeta·

219 1862 279 1905 tem
298 1844 431 1907 inarmis
451 1864 592 1911 essenon
613 1862 745 1923 poterant
755 1886 766 1918 ,
785 1846 816 1905 in
833 1846 884 1905 sila

127 1954 130 1959 ·
218 1946 286 1987 ram
296 1924 480 1984 Arduennam
492 1923 595 1983 abd-itis
603 1964 614 1992 ,
629 1946 690 2001 quae
702 1924 810 2017 ingenti
820 1944 884 1986 tna·

257 2004 363 2064 itudine
381 2023 432 2078 per
448 2002 557 2071 rnedios
572 2003 643 2063 fines
659 2004 846 2063 Trevirorum
863 2025 883 2071 a

207 2023 334 2145 gnumioe
360 2080 466 2141 'Rheno
494 2082 530 2140 ad
557 2081 671 2142 initium
700 2082 881 2143 Rhemotum

215 2162 354 2240 peninon,
369 2160 477 2219 bellum
488 2180 590 2236 parare
599 2159 728 2223 instituit.
745 2160 800 2221 Sed
816 2182 883 2238 pos·

216 2258 263 2301 tea
278 2259 365 2317 quam
384 2240 518 2305 nonnulli
535 2240 677 2317 principes
696 2260 734 2300 ex
753 2260 788 2301 ea
807 2240 882 2301 civi·

215 2335 292 2386 tate,
302 2335 334 2377 et
342 2317 532 2379 familiaritate
541 2317 734 2400 Cingetorigis
747 2318 878 2392 adducti,

214 2396 881 2485 etadventunoetriexercitusperterriti‚odCrt-

213 2497 307 2539 earem
318 2493 476 2545 venemur,
490 2496 523 2537 et
539 2477 572 2537 de
587 2478 644 2539 cuis
653 2476 786 2555 privatim
799 2478 882 2538 rebus

213 2559 251 2619 ab
268 2576 305 2616 eo
320 2573 416 2633 petere
426 2574 594 2634 ceperunt,
612 2554 751 2635 quoniam
767 2555 881 2625 civitati

212 2635 361 2697 consulere
382 2654 441 2694 non
464 2652 607 2712 possent3
631 2634 759 2705 veritus,
782 2654 820 2697 ne
843 2637 879 2697 ab

212 2714 539 2785 omnibutdesererenu,
550 2714 780 2785 Indutiomarus,
794 2715 879 2797 lega-
