<?xml version="1.0" encoding="UTF-8"?>
<!DOCTYPE html PUBLIC "-//W3C//DTD XHTML 1.0 Transitional//EN"
    "http://www.w3.org/TR/xhtml1/DTD/xhtml1-transitional.dtd">
<html xmlns="http://www.w3.org/1999/xhtml" xml:lang="en" lang="en">
 <head>
  <title>
</title>
<meta http-equiv="Content-Type" content="text/html;charset=utf-8" />
  <meta name='ocr-system' content='tesseract 3.04.00' />
  <meta name='ocr-capabilities' content='ocr_page ocr_carea ocr_par ocr_line ocrx_word'/>
</head>
<body>
  <div class='ocr_page' id='page_1' title='image "./cjuliicaesarisq01hirtgoog_0079.png"; bbox 0 0 2000 3542; ppageno 0'>
   <div class='ocr_carea' id='block_1_1' title="bbox 236 315 848 406">
    <p class='ocr_par' dir='ltr' id='par_1_1' title="bbox 236 315 848 406">
     <span class='ocr_line' id='line_1_1' title="bbox 236 315 848 406; baseline -0.002 -13"><span class='ocrx_word' id='word_1_1' title='bbox 236 335 278 406; x_wconf 77' lang='lat'>&#39;4&#39;0&#39;</span> <span class='ocrx_word' id='word_1_2' title='bbox 330 315 848 398; x_wconf 68' lang='lat' dir='ltr'>CICessuxs&#39;Coumeum&#39;</span> 
     </span>
    </p>
   </div>
   <div class='ocr_carea' id='block_1_2' title="bbox 232 469 994 1666">
    <p class='ocr_par' dir='ltr' id='par_1_2' title="bbox 232 469 994 1666">
     <span class='ocr_line' id='line_1_2' title="bbox 234 469 907 551; baseline -0.004 -19"><span class='ocrx_word' id='word_1_3' title='bbox 234 471 305 540; x_wconf 84' lang='lat' dir='ltr'>Dies</span> <span class='ocrx_word' id='word_1_4' title='bbox 318 469 465 548; x_wconf 89' lang='lat' dir='ltr'>colloquio</span> <span class='ocrx_word' id='word_1_5' title='bbox 479 469 622 535; x_wconf 77' lang='lat' dir='ltr'>dietusest</span> <span class='ocrx_word' id='word_1_6' title='bbox 644 489 681 531; x_wconf 85' lang='lat' dir='ltr'>ex</span> <span class='ocrx_word' id='word_1_7' title='bbox 704 489 743 536; x_wconf 80' lang='lat' dir='ltr'>eo</span> <span class='ocrx_word' id='word_1_8' title='bbox 758 470 804 531; x_wconf 91' lang='lat' dir='ltr'>die</span> <span class='ocrx_word' id='word_1_9' title='bbox 821 469 907 551; x_wconf 52' lang='lat' dir='ltr'>quiri</span> 
     </span>
     <span class='ocr_line' id='line_1_3' title="bbox 234 551 904 626; baseline -0.003 -14"><span class='ocrx_word' id='word_1_10' title='bbox 234 567 290 612; x_wconf 84' lang='lat' dir='ltr'>tus.</span> <span class='ocrx_word' id='word_1_11' title='bbox 311 551 455 618; x_wconf 79' lang='lat' dir='ltr'>Interim,</span> <span class='ocrx_word' id='word_1_12' title='bbox 476 571 544 611; x_wconf 88' lang='lat' dir='ltr'>cum</span> <span class='ocrx_word' id='word_1_13' title='bbox 568 569 641 626; x_wconf 84' lang='lat' dir='ltr'>saepe</span> <span class='ocrx_word' id='word_1_14' title='bbox 666 551 743 610; x_wconf 80' lang='lat' dir='ltr'>ultro</span> <span class='ocrx_word' id='word_1_15' title='bbox 771 551 904 626; x_wconf 79' lang='lat' dir='ltr'>citroque</span> 
     </span>
     <span class='ocr_line' id='line_1_4' title="bbox 234 629 904 710; baseline -0.001 -21"><span class='ocrx_word' id='word_1_16' title='bbox 234 630 322 710; x_wconf 84' lang='lat' dir='ltr'>legati</span> <span class='ocrx_word' id='word_1_17' title='bbox 342 630 415 689; x_wconf 78' lang='lat' dir='ltr'>inter</span> <span class='ocrx_word' id='word_1_18' title='bbox 437 648 488 689; x_wconf 88' lang='lat' dir='ltr'>eos</span> <span class='ocrx_word' id='word_1_19' title='bbox 514 629 715 698; x_wconf 84' lang='lat' dir='ltr'>mitterentur,</span> <span class='ocrx_word' id='word_1_20' title='bbox 739 631 904 696; x_wconf 82' lang='lat' dir='ltr'>Ariovistus</span> 
     </span>
     <span class='ocr_line' id='line_1_5' title="bbox 234 708 901 786; baseline -0.001 -18"><span class='ocrx_word' id='word_1_21' title='bbox 234 709 410 786; x_wconf 68' lang='lat' dir='ltr'>postulavit,</span> <span class='ocrx_word' id='word_1_22' title='bbox 433 727 578 786; x_wconf 84' lang='lat' dir='ltr'>nequem</span> <span class='ocrx_word' id='word_1_23' title='bbox 600 708 726 786; x_wconf 85' lang='lat' dir='ltr'>peditem</span> <span class='ocrx_word' id='word_1_24' title='bbox 747 709 782 767; x_wconf 86' lang='lat' dir='ltr'>ad</span> <span class='ocrx_word' id='word_1_25' title='bbox 800 709 901 767; x_wconf 84' lang='lat' dir='ltr'>collo·</span> 
     </span>
     <span class='ocr_line' id='line_1_6' title="bbox 233 785 902 866; baseline 0 -19"><span class='ocrx_word' id='word_1_26' title='bbox 233 788 333 866; x_wconf 90' lang='lat' dir='ltr'>quium</span> <span class='ocrx_word' id='word_1_27' title='bbox 355 787 449 847; x_wconf 84' lang='lat' dir='ltr'>Caesar</span> <span class='ocrx_word' id='word_1_28' title='bbox 471 785 621 846; x_wconf 87' lang='lat' dir='ltr'>adduceret</span> <span class='ocrx_word' id='word_1_29' title='bbox 641 809 650 847; x_wconf 79' lang='lat' dir='ltr'>e</span> <span class='ocrx_word' id='word_1_30' title='bbox 674 786 765 848; x_wconf 86' lang='lat' dir='ltr'>vereri</span> <span class='ocrx_word' id='word_1_31' title='bbox 789 803 902 855; x_wconf 56' lang='lat' dir='ltr'>sente</span> 
     </span>
     <span class='ocr_line' id='line_1_7' title="bbox 234 865 904 946; baseline -0.001 -19"><span class='ocrx_word' id='word_1_32' title='bbox 234 887 285 945; x_wconf 79' lang='lat' dir='ltr'>per</span> <span class='ocrx_word' id='word_1_33' title='bbox 301 865 413 926; x_wconf 84' lang='lat' dir='ltr'>insidias</span> <span class='ocrx_word' id='word_1_34' title='bbox 426 867 463 924; x_wconf 80' lang='lat' dir='ltr'>eb</span> <span class='ocrx_word' id='word_1_35' title='bbox 479 885 516 946; x_wconf 87' lang='lat' dir='ltr'>eo</span> <span class='ocrx_word' id='word_1_36' title='bbox 530 865 783 926; x_wconf 77' lang='lat' dir='ltr'>circumveniremr</span> <span class='ocrx_word' id='word_1_37' title='bbox 799 887 807 924; x_wconf 76' lang='grc' dir='ltr'><strong><em>ε</em></strong></span> <span class='ocrx_word' id='word_1_38' title='bbox 824 883 904 941; x_wconf 81' lang='lat' dir='ltr'>utet·</span> 
     </span>
     <span class='ocr_line' id='line_1_8' title="bbox 233 944 902 1023; baseline -0.001 -17"><span class='ocrx_word' id='word_1_39' title='bbox 233 965 290 1023; x_wconf 85' lang='lat' dir='ltr'>que</span> <span class='ocrx_word' id='word_1_40' title='bbox 308 965 375 1005; x_wconf 86' lang='lat' dir='ltr'>cum</span> <span class='ocrx_word' id='word_1_41' title='bbox 397 944 523 1022; x_wconf 85' lang='lat' dir='ltr'>equitatu</span> <span class='ocrx_word' id='word_1_42' title='bbox 544 944 685 1004; x_wconf 81' lang='lat' dir='ltr'>veniret:</span> <span class='ocrx_word' id='word_1_43' title='bbox 708 945 764 1004; x_wconf 84' lang='lat' dir='ltr'>alia</span> <span class='ocrx_word' id='word_1_44' title='bbox 787 945 902 1005; x_wconf 81' lang='lat' dir='ltr'>ratione</span> 
     </span>
     <span class='ocr_line' id='line_1_9' title="bbox 234 1023 903 1100; baseline -0.003 -16"><span class='ocrx_word' id='word_1_45' title='bbox 234 1039 264 1084; x_wconf 87' lang='lat' dir='ltr'>se</span> <span class='ocrx_word' id='word_1_46' title='bbox 282 1041 341 1082; x_wconf 85' lang='lat' dir='ltr'>non</span> <span class='ocrx_word' id='word_1_47' title='bbox 356 1043 413 1084; x_wconf 82' lang='lat' dir='ltr'>esse</span> <span class='ocrx_word' id='word_1_48' title='bbox 434 1040 596 1084; x_wconf 88' lang='lat' dir='ltr'>venturum.</span> <span class='ocrx_word' id='word_1_49' title='bbox 615 1023 730 1091; x_wconf 68' lang='lat' dir='ltr'>Cesar,</span> <span class='ocrx_word' id='word_1_50' title='bbox 750 1023 826 1100; x_wconf 85' lang='lat' dir='ltr'>quod</span> <span class='ocrx_word' id='word_1_51' title='bbox 845 1029 903 1092; x_wconf 74' lang='lat' dir='ltr'>nei:</span> 
     </span>
     <span class='ocr_line' id='line_1_10' title="bbox 234 1101 902 1180; baseline -0.006 -14"><span class='ocrx_word' id='word_1_52' title='bbox 234 1102 433 1180; x_wconf 87' lang='lat' dir='ltr'>colloquium,</span> <span class='ocrx_word' id='word_1_53' title='bbox 450 1101 617 1179; x_wconf 71' lang='lat' dir='ltr'>intemosita</span> <span class='ocrx_word' id='word_1_54' title='bbox 635 1121 738 1170; x_wconf 74' lang='lat' dir='ltr'>eausa,</span> <span class='ocrx_word' id='word_1_55' title='bbox 752 1103 824 1161; x_wconf 66' lang='lat' dir='ltr'>tolli</span> <span class='ocrx_word' id='word_1_56' title='bbox 843 1123 902 1162; x_wconf 82' lang='lat' dir='ltr'>vo-</span> 
     </span>
     <span class='ocr_line' id='line_1_11' title="bbox 233 1179 902 1257; baseline -0.001 -15"><span class='ocrx_word' id='word_1_57' title='bbox 233 1184 311 1242; x_wconf 84' lang='lat' dir='ltr'>lebat</span> <span class='ocrx_word' id='word_1_58' title='bbox 330 1198 459 1257; x_wconf 64' lang='lat' dir='ltr'>‚meque</span> <span class='ocrx_word' id='word_1_59' title='bbox 484 1181 607 1248; x_wconf 80' lang='lat' dir='ltr'>salutem</span> <span class='ocrx_word' id='word_1_60' title='bbox 636 1200 715 1240; x_wconf 85' lang='lat' dir='ltr'>suam</span> <span class='ocrx_word' id='word_1_61' title='bbox 740 1179 902 1242; x_wconf 80' lang='lat' dir='ltr'>Gallorum</span> 
     </span>
     <span class='ocr_line' id='line_1_12' title="bbox 234 1258 901 1341; baseline -0.004 -19"><span class='ocrx_word' id='word_1_62' title='bbox 234 1259 369 1338; x_wconf 79' lang='lat' dir='ltr'>equitatui</span> <span class='ocrx_word' id='word_1_63' title='bbox 390 1259 571 1320; x_wconf 80' lang='lat' dir='ltr'>committere</span> <span class='ocrx_word' id='word_1_64' title='bbox 589 1258 709 1341; x_wconf 76' lang='lat' dir='ltr'>audebat</span> <span class='ocrx_word' id='word_1_65' title='bbox 729 1299 739 1329; x_wconf 91' lang='lat'>,</span> <span class='ocrx_word' id='word_1_66' title='bbox 758 1279 901 1319; x_wconf 86' lang='lat' dir='ltr'>commo·</span> 
     </span>
     <span class='ocr_line' id='line_1_13' title="bbox 233 1337 902 1415; baseline -0.003 -15"><span class='ocrx_word' id='word_1_67' title='bbox 233 1340 378 1400; x_wconf 83' lang='lat' dir='ltr'>dissimum</span> <span class='ocrx_word' id='word_1_68' title='bbox 387 1352 448 1399; x_wconf 79' lang='lat' dir='ltr'>esse</span> <span class='ocrx_word' id='word_1_69' title='bbox 459 1337 575 1407; x_wconf 78' lang='lat' dir='ltr'>statuit,</span> <span class='ocrx_word' id='word_1_70' title='bbox 592 1337 725 1398; x_wconf 79' lang='lat' dir='ltr'>omnibus</span> <span class='ocrx_word' id='word_1_71' title='bbox 734 1339 813 1415; x_wconf 82' lang='lat' dir='ltr'>equis</span> <span class='ocrx_word' id='word_1_72' title='bbox 821 1337 902 1400; x_wconf 85' lang='lat' dir='ltr'>Gal-</span> 
     </span>
     <span class='ocr_line' id='line_1_14' title="bbox 232 1415 901 1496; baseline -0.001 -18"><span class='ocrx_word' id='word_1_73' title='bbox 232 1420 268 1479; x_wconf 83' lang='lat' dir='ltr'>lis</span> <span class='ocrx_word' id='word_1_74' title='bbox 282 1418 420 1494; x_wconf 85' lang='lat' dir='ltr'>equitibus</span> <span class='ocrx_word' id='word_1_75' title='bbox 436 1415 587 1486; x_wconf 81' lang='lat' dir='ltr'>detractis,</span> <span class='ocrx_word' id='word_1_76' title='bbox 601 1416 775 1496; x_wconf 82' lang='lat' dir='ltr'>legionarios</span> <span class='ocrx_word' id='word_1_77' title='bbox 790 1437 828 1477; x_wconf 89' lang='lat' dir='ltr'>eo</span> <span class='ocrx_word' id='word_1_78' title='bbox 845 1419 901 1477; x_wconf 78' lang='lat' dir='ltr'>mi-</span> 
     </span>
     <span class='ocr_line' id='line_1_15' title="bbox 232 1495 904 1576; baseline -0.001 -19"><span class='ocrx_word' id='word_1_79' title='bbox 232 1497 296 1557; x_wconf 87' lang='lat' dir='ltr'>lites</span> <span class='ocrx_word' id='word_1_80' title='bbox 309 1496 431 1576; x_wconf 83' lang='lat' dir='ltr'>legionis</span> <span class='ocrx_word' id='word_1_81' title='bbox 444 1495 578 1564; x_wconf 80' lang='lat' dir='ltr'>decimae,</span> <span class='ocrx_word' id='word_1_82' title='bbox 601 1497 647 1556; x_wconf 87' lang='lat' dir='ltr'>cui</span> <span class='ocrx_word' id='word_1_83' title='bbox 664 1517 751 1574; x_wconf 86' lang='lat' dir='ltr'>quam</span> <span class='ocrx_word' id='word_1_84' title='bbox 769 1497 904 1558; x_wconf 82' lang='lat' dir='ltr'>maxime</span> 
     </span>
     <span class='ocr_line' id='line_1_16' title="bbox 232 1573 994 1666; baseline -0.003 -28"><span class='ocrx_word' id='word_1_85' title='bbox 232 1573 588 1666; x_wconf 78' lang='lat' dir='ltr'>confidebat‚imponere;</span> <span class='ocrx_word' id='word_1_86' title='bbox 602 1575 800 1654; x_wconf 76' lang='lat' dir='ltr'>utptaesidium</span> <span class='ocrx_word' id='word_1_87' title='bbox 808 1593 899 1652; x_wconf 84' lang='lat' dir='ltr'>quam</span> <span class='ocrx_word' id='word_1_88' title='bbox 993 1598 994 1611; x_wconf 57' lang='lat'>¹</span> 
     </span>
    </p>
   </div>
   <div class='ocr_carea' id='block_1_3' title="bbox 232 1652 994 1730">
    <p class='ocr_par' dir='ltr' id='par_1_3' title="bbox 232 1652 994 1730">
     <span class='ocr_line' id='line_1_17' title="bbox 232 1652 994 1730; baseline 0.003 -16"><span class='ocrx_word' id='word_1_89' title='bbox 232 1653 460 1719; x_wconf 68' lang='lat' dir='ltr'>amicissimum,</span> <span class='ocrx_word' id='word_1_90' title='bbox 477 1661 507 1712; x_wconf 82' lang='lat' dir='ltr'>&#39;si</span> <span class='ocrx_word' id='word_1_91' title='bbox 526 1652 593 1730; x_wconf 88' lang='lat' dir='ltr'>quid</span> <span class='ocrx_word' id='word_1_92' title='bbox 613 1666 685 1730; x_wconf 87' lang='lat' dir='ltr'>opus</span> <span class='ocrx_word' id='word_1_93' title='bbox 703 1653 780 1714; x_wconf 78' lang='lat' dir='ltr'>facto</span> <span class='ocrx_word' id='word_1_94' title='bbox 800 1673 896 1723; x_wconf 86' lang='lat' dir='ltr'>esset,</span> <span class='ocrx_word' id='word_1_95' title='bbox 993 1660 994 1669; x_wconf 76' lang='grc'>’</span> 
     </span>
    </p>
   </div>
   <div class='ocr_carea' id='block_1_4' title="bbox 232 1722 898 1808">
    <p class='ocr_par' dir='ltr' id='par_1_4' title="bbox 232 1722 898 1808">
     <span class='ocr_line' id='line_1_18' title="bbox 232 1722 898 1808; baseline 0.005 -16"><span class='ocrx_word' id='word_1_96' title='bbox 232 1732 364 1793; x_wconf 70' lang='lat' dir='ltr'>habereu-</span> <span class='ocrx_word' id='word_1_97' title='bbox 376 1730 464 1808; x_wconf 85' lang='lat' dir='ltr'>Quod</span> <span class='ocrx_word' id='word_1_98' title='bbox 480 1743 555 1795; x_wconf 84' lang='lat' dir='ltr'>cum&#39;</span> <span class='ocrx_word' id='word_1_99' title='bbox 565 1729 646 1792; x_wconf 73' lang='lat' dir='ltr'>fieret</span> <span class='ocrx_word' id='word_1_100' title='bbox 656 1769 669 1801; x_wconf 87' lang='lat'>‚·</span> <span class='ocrx_word' id='word_1_101' title='bbox 679 1753 738 1792; x_wconf 87' lang='lat' dir='ltr'>non</span> <span class='ocrx_word' id='word_1_102' title='bbox 753 1722 898 1796; x_wconf 69' lang='lat' dir='ltr'>inidi&#39;cule</span> 
     </span>
    </p>
   </div>
   <div class='ocr_carea' id='block_1_5' title="bbox 232 1810 993 1893">
    <p class='ocr_par' dir='ltr' id='par_1_5' title="bbox 232 1810 993 1893">
     <span class='ocr_line' id='line_1_19' title="bbox 232 1810 993 1893; baseline -0.001 -21"><span class='ocrx_word' id='word_1_103' title='bbox 232 1811 347 1890; x_wconf 85' lang='lat' dir='ltr'>quidam</span> <span class='ocrx_word' id='word_1_104' title='bbox 363 1829 400 1871; x_wconf 89' lang='lat' dir='ltr'>ex</span> <span class='ocrx_word' id='word_1_105' title='bbox 416 1811 554 1886; x_wconf 85' lang='lat' dir='ltr'>militibus</span> <span class='ocrx_word' id='word_1_106' title='bbox 568 1810 684 1886; x_wconf 76' lang='lat' dir='ltr'>decimae</span> <span class='ocrx_word' id='word_1_107' title='bbox 703 1812 830 1893; x_wconf 85' lang='lat' dir='ltr'>legionis·</span> <span class='ocrx_word' id='word_1_108' title='bbox 850 1814 898 1874; x_wconf 88' lang='lat' dir='ltr'>di·</span> <span class='ocrx_word' id='word_1_109' title='bbox 991 1863 993 1871; x_wconf 74' lang='grc'>,</span> 
     </span>
    </p>
   </div>
   <div class='ocr_carea' id='block_1_6' title="bbox 223 1877 941 2899">
    <p class='ocr_par' dir='ltr' id='par_1_6' title="bbox 223 1877 941 2838">
     <span class='ocr_line' id='line_1_20' title="bbox 230 1877 896 1970; baseline 0 -19"><span class='ocrx_word' id='word_1_110' title='bbox 230 1893 294 1960; x_wconf 70' lang='lat' dir='ltr'>xit,</span> <span class='ocrx_word' id='word_1_111' title='bbox 307 1887 395 1958; x_wconf 79' lang='lat' dir='ltr'>Plus,</span> <span class='ocrx_word' id='word_1_112' title='bbox 407 1877 636 1970; x_wconf 59' lang='lat' dir='ltr'>quampollicitus</span> <span class='ocrx_word' id='word_1_113' title='bbox 647 1908 737 1958; x_wconf 84' lang='lat' dir='ltr'>esset,</span> <span class='ocrx_word' id='word_1_114' title='bbox 754 1887 896 1951; x_wconf 82' lang='lat' dir='ltr'>Coesatem</span> 
     </span>
     <span class='ocr_line' id='line_1_21' title="bbox 223 1966 896 2051; baseline 0.001 -21"><span class='ocrx_word' id='word_1_115' title='bbox 223 1970 353 2048; x_wconf 80' lang='lat' dir='ltr'>fucere:</span> <span class='ocrx_word' id='word_1_116' title='bbox 379 1967 534 2048; x_wconf 74' lang='lat' dir='ltr'>pollieitum</span> <span class='ocrx_word' id='word_1_117' title='bbox 559 1967 591 2040; x_wconf 73' lang='lat' dir='ltr'>in</span> <span class='ocrx_word' id='word_1_118' title='bbox 614 1966 736 2028; x_wconf 74' lang='lat' dir='ltr'>cohortis</span> <span class='ocrx_word' id='word_1_119' title='bbox 755 1970 896 2051; x_wconf 80' lang='lat' dir='ltr'>proetorioe</span> 
     </span>
     <span class='ocr_line' id='line_1_22' title="bbox 230 2044 896 2119; baseline 0.005 -10"><span class='ocrx_word' id='word_1_120' title='bbox 230 2048 290 2109; x_wconf 85' lang='lat' dir='ltr'>loco</span> <span class='ocrx_word' id='word_1_121' title='bbox 313 2045 447 2109; x_wconf 81' lang='lat' dir='ltr'>decimum</span> <span class='ocrx_word' id='word_1_122' title='bbox 466 2044 492 2104; x_wconf 86' lang='lat' dir='ltr'>Ie</span> <span class='ocrx_word' id='word_1_123' title='bbox 513 2045 603 2106; x_wconf 82' lang='lat' dir='ltr'>ionem</span> <span class='ocrx_word' id='word_1_124' title='bbox 624 2044 799 2119; x_wconf 66' lang='lat' dir='ltr'>labit-trum,</span> <span class='ocrx_word' id='word_1_125' title='bbox 820 2069 896 2111; x_wconf 78' lang='lat' dir='ltr'>nuno</span> 
     </span>
     <span class='ocr_line' id='line_1_23' title="bbox 231 2066 900 2202; baseline -0.001 -15"><span class='ocrx_word' id='word_1_126' title='bbox 231 2125 269 2199; x_wconf 80' lang='lat' dir='ltr'>ad</span> <span class='ocrx_word' id='word_1_127' title='bbox 283 2143 378 2202; x_wconf 81' lang='lat' dir='ltr'>equum</span> <span class='ocrx_word' id='word_1_128' title='bbox 394 2066 559 2194; x_wconf 55' lang='lat' dir='ltr'>astrifere,</span> <span class='ocrx_word' id='word_1_129' title='bbox 894 2126 900 2136; x_wconf 84' lang='grc'><em>’</em></span> 
     </span>
     <span class='ocr_line' id='line_1_24' title="bbox 235 2201 893 2287; baseline 0.009 -26"><span class='ocrx_word' id='word_1_130' title='bbox 235 2223 244 2230; x_wconf 90' lang='grc'><em>·</em></span> <span class='ocrx_word' id='word_1_131' title='bbox 269 2201 374 2271; x_wconf 89' lang='lat' dir='ltr'><strong>XLII</strong></span> <span class='ocrx_word' id='word_1_132' title='bbox 382 2202 406 2275; x_wconf 79' lang='lat'>1,</span> <span class='ocrx_word' id='word_1_133' title='bbox 428 2203 568 2265; x_wconf 74' lang='lat' dir='ltr'>Planities</span> <span class='ocrx_word' id='word_1_134' title='bbox 584 2220 646 2264; x_wconf 81' lang='lat' dir='ltr'>erat</span> <span class='ocrx_word' id='word_1_135' title='bbox 667 2224 793 2287; x_wconf 77' lang='lat' dir='ltr'>magna,</span> <span class='ocrx_word' id='word_1_136' title='bbox 812 2223 842 2266; x_wconf 89' lang='lat' dir='ltr'>et</span> <span class='ocrx_word' id='word_1_137' title='bbox 861 2207 893 2267; x_wconf 83' lang='lat' dir='ltr'>in</span> 
     </span>
     <span class='ocr_line' id='line_1_25' title="bbox 230 2281 894 2364; baseline 0.002 -20"><span class='ocrx_word' id='word_1_138' title='bbox 230 2305 264 2344; x_wconf 83' lang='lat' dir='ltr'>ea</span> <span class='ocrx_word' id='word_1_139' title='bbox 279 2281 404 2342; x_wconf 88' lang='lat' dir='ltr'>tumulus</span> <span class='ocrx_word' id='word_1_140' title='bbox 420 2297 526 2342; x_wconf 85' lang='lat' dir='ltr'>terreus</span> <span class='ocrx_word' id='word_1_141' title='bbox 543 2283 608 2342; x_wconf 79' lang='lat' dir='ltr'>setis</span> <span class='ocrx_word' id='word_1_142' title='bbox 624 2284 746 2364; x_wconf 62' lang='lat' dir='ltr'>mandis.</span> <span class='ocrx_word' id='word_1_143' title='bbox 763 2283 823 2345; x_wconf 84' lang='lat' dir='ltr'>Hic</span> <span class='ocrx_word' id='word_1_144' title='bbox 840 2287 894 2345; x_wconf 81' lang='lat' dir='ltr'>lo-</span> 
     </span>
     <span class='ocr_line' id='line_1_26' title="bbox 229 2359 892 2443; baseline -0.002 -18"><span class='ocrx_word' id='word_1_145' title='bbox 229 2380 279 2425; x_wconf 85' lang='lat' dir='ltr'>cus</span> <span class='ocrx_word' id='word_1_146' title='bbox 300 2379 380 2439; x_wconf 85' lang='lat' dir='ltr'>aequo</span> <span class='ocrx_word' id='word_1_147' title='bbox 400 2359 459 2420; x_wconf 78' lang='lat' dir='ltr'>fers</span> <span class='ocrx_word' id='word_1_148' title='bbox 481 2362 571 2441; x_wconf 84' lang='lat' dir='ltr'>spatio</span> <span class='ocrx_word' id='word_1_149' title='bbox 592 2365 627 2421; x_wconf 85' lang='lat' dir='ltr'>ab</span> <span class='ocrx_word' id='word_1_150' title='bbox 647 2365 743 2440; x_wconf 58' lang='lat' dir='ltr'>coms</span> <span class='ocrx_word' id='word_1_151' title='bbox 767 2365 892 2443; x_wconf 79' lang='lat' dir='ltr'>utrisque</span> 
     </span>
     <span class='ocr_line' id='line_1_27' title="bbox 228 2438 891 2515; baseline 0.002 -13"><span class='ocrx_word' id='word_1_152' title='bbox 228 2445 335 2502; x_wconf 79' lang='lat' dir='ltr'>aberat.</span> <span class='ocrx_word' id='word_1_153' title='bbox 355 2438 421 2508; x_wconf 85' lang='lat' dir='ltr'>Eo,</span> <span class='ocrx_word' id='word_1_154' title='bbox 447 2453 479 2498; x_wconf 86' lang='lat' dir='ltr'>ut</span> <span class='ocrx_word' id='word_1_155' title='bbox 492 2451 560 2499; x_wconf 83' lang='lat' dir='ltr'>&#39;erat</span> <span class='ocrx_word' id='word_1_156' title='bbox 582 2441 712 2515; x_wconf 80' lang='lat' dir='ltr'>dictum,</span> <span class='ocrx_word' id='word_1_157' title='bbox 735 2441 769 2502; x_wconf 85' lang='lat' dir='ltr'>ad</span> <span class='ocrx_word' id='word_1_158' title='bbox 790 2445 891 2502; x_wconf 65' lang='lat' dir='ltr'>collo-³</span> 
     </span>
     <span class='ocr_line' id='line_1_28' title="bbox 229 2513 892 2599; baseline 0.009 -20"><span class='ocrx_word' id='word_1_159' title='bbox 229 2520 327 2598; x_wconf 90' lang='lat' dir='ltr'>quium</span> <span class='ocrx_word' id='word_1_160' title='bbox 342 2533 489 2596; x_wconf 55' lang='lat' dir='ltr'>venerum„</span> <span class='ocrx_word' id='word_1_161' title='bbox 505 2513 664 2598; x_wconf 76' lang='lat' dir='ltr'>Legionem</span> <span class='ocrx_word' id='word_1_162' title='bbox 679 2519 788 2591; x_wconf 74' lang='lat' dir='ltr'>Cesar,</span> <span class='ocrx_word' id='word_1_163' title='bbox 802 2541 892 2599; x_wconf 78' lang='lat' dir='ltr'>quam</span> 
     </span>
     <span class='ocr_line' id='line_1_29' title="bbox 230 2595 890 2676; baseline 0.002 -16"><span class='ocrx_word' id='word_1_164' title='bbox 230 2599 308 2676; x_wconf 76' lang='lat' dir='ltr'>equis</span> <span class='ocrx_word' id='word_1_165' title='bbox 327 2595 498 2665; x_wconf 82' lang='lat' dir='ltr'>devexerat,</span> <span class='ocrx_word' id='word_1_166' title='bbox 515 2599 639 2674; x_wconf 77' lang='lat' dir='ltr'>passibus</span> <span class='ocrx_word' id='word_1_167' title='bbox 658 2619 702 2659; x_wconf 86' lang='lat' dir='ltr'>cc</span> <span class='ocrx_word' id='word_1_168' title='bbox 722 2602 761 2659; x_wconf 87' lang='lat' dir='ltr'>ab</span> <span class='ocrx_word' id='word_1_169' title='bbox 779 2619 817 2660; x_wconf 90' lang='lat' dir='ltr'>eo</span> <span class='ocrx_word' id='word_1_170' title='bbox 839 2619 890 2661; x_wconf 85' lang='lat' dir='ltr'>tu·</span> 
     </span>
     <span class='ocr_line' id='line_1_30' title="bbox 229 2675 891 2755; baseline 0.003 -17"><span class='ocrx_word' id='word_1_171' title='bbox 229 2677 311 2738; x_wconf 82' lang='lat' dir='ltr'>mulo</span> <span class='ocrx_word' id='word_1_172' title='bbox 333 2675 505 2736; x_wconf 83' lang='lat' dir='ltr'>constituit:</span> <span class='ocrx_word' id='word_1_173' title='bbox 529 2677 600 2736; x_wconf 90' lang='lat' dir='ltr'>item</span> <span class='ocrx_word' id='word_1_174' title='bbox 621 2678 729 2755; x_wconf 85' lang='lat' dir='ltr'>equites</span> <span class='ocrx_word' id='word_1_175' title='bbox 750 2678 891 2740; x_wconf 82' lang='lat' dir='ltr'>Ariovisti</span> 
     </span>
     <span class='ocr_line' id='line_1_31' title="bbox 229 2750 941 2838; baseline 0.001 -21"><span class='ocrx_word' id='word_1_176' title='bbox 229 2757 290 2838; x_wconf 83' lang='lat' dir='ltr'>pa-ri</span> <span class='ocrx_word' id='word_1_177' title='bbox 310 2750 461 2818; x_wconf 80' lang='lat' dir='ltr'>mtervallo</span> <span class='ocrx_word' id='word_1_178' title='bbox 488 2757 685 2832; x_wconf 72' lang='lat' dir='ltr'>eonstisetunt.</span> <span class='ocrx_word' id='word_1_179' title='bbox 707 2757 889 2828; x_wconf 82' lang='lat' dir='ltr'>Ariovisms,</span> <span class='ocrx_word' id='word_1_180' title='bbox 933 2804 941 2818; x_wconf 39' lang='lat' dir='ltr'>e</span> 
     </span>
    </p>

    <p class='ocr_par' dir='ltr' id='par_1_7' title="bbox 858 2852 893 2899">
     <span class='ocr_line' id='line_1_32' title="bbox 858 2852 893 2899; baseline -0.029 0"><span class='ocrx_word' id='word_1_181' title='bbox 858 2852 893 2899; x_wconf 75' lang='lat' dir='ltr'>ut</span> 
     </span>
    </p>
   </div>
   <div class='ocr_carea' id='block_1_7' title="bbox 0 0 1004 3542">
    <p class='ocr_par' dir='ltr' id='par_1_8' title="bbox 0 0 1004 3542">
     <span class='ocr_line' id='line_1_33' title="bbox 0 0 1004 3542; baseline 0 1"><span class='ocrx_word' id='word_1_182' title='bbox 0 0 1004 3542; x_wconf 95' lang='lat' dir='ltr'> </span> 
     </span>
    </p>
   </div>
  </div>
 </body>
</html>
