2000 3542
152 279 770 359 errrroGuttrcoLtn.1V.urr
859 328 866 337 ·

145 412 248 480 XIX.
263 416 358 481 Caesar
371 439 479 497 paucos
494 420 554 483 dies
568 422 600 481 ist
616 442 719 483 eorum
734 418 774 479 fia

106 496 192 557 nibus
202 518 328 559 moratus
339 539 349 567 ,
368 500 500 561 omnibus
511 500 582 561 vicis
591 500 773 577 adificiisqne

106 574 249 645 intensis,
257 576 460 655 frumentisque
471 580 599 648 sueuisis,
611 602 643 641 se
654 581 689 640 in
698 579 772 638 fines

107 655 258 715 Ubiorum
282 658 421 734 recepit,
448 676 532 735 atque
561 659 606 718 bis
629 659 772 721 auxilium

107 756 192 795 suum
214 736 379 811 pollicitus,
403 737 425 796 si
445 758 462 797 a
483 738 583 799 suevis
602 756 770 816 premeren-

108 832 174 882 ntr,
194 812 255 875 hee
270 818 306 875 ab
321 816 356 875 iis
373 818 512 896 cognonit
527 817 674 884 :suevos
691 835 773 893 post·

108 914 199 971 quarn
210 914 261 970 per
273 896 466 971 exploratores
477 915 598 975 pontem
608 896 671 957 fieri
684 915 773 955 com⁶

68 999 72 1004 ·
107 973 272 1051 perissent,
293 994 375 1034 more
398 996 477 1044 suo,
499 976 623 1037 consilio
645 973 746 1035 habito
758 1004 778 1040 s.

108 1051 232 1111 nuncios
254 1054 285 1113 in
311 1072 412 1113 omnes
433 1072 525 1131 partes
543 1054 703 1121 dimisisse,
729 1051 775 1112 uti

108 1130 145 1190 de
164 1126 275 1207 oppidis
287 1130 500 1212 demigrarent,¹
511 1134 634 1201 liberos,
649 1150 775 1199 uxores,

109 1230 217 1286 sitaque
229 1212 329 1273 omnia
338 1212 371 1271 ιιι·
381 1212 465 1271 silves
480 1212 655 1289 deponerent
666 1227 774 1286 ,utque

111 1308 238 1357 ornnes,
256 1291 306 1368 qui
324 1311 405 1351 arma
426 1291 500 1351 ferre
521 1308 658 1367 possent,
680 1307 774 1349 unum

110 1367 258 1431 inlocum
275 1369 461 1431 convenirent
475 1392 485 1429 r
503 1369 580 1429 hune
593 1387 656 1429 esse
672 1368 775 1429 delec-

111 1464 176 1507 tum
189 1448 317 1509 medium
329 1449 387 1509 fere
402 1468 432 1509 re
454 1450 553 1509 'onum
570 1468 688 1515 eurum,
702 1466 776 1523 quas

110 1526 202 1589 Suevi
223 1528 384 1589 obtinerent
403 1550 445 1588 st
463 1528 475 1587 i
494 1528 696 1588 Romanorum
718 1524 771 1583 ad-

109 1622 232 1667 venturn
253 1622 441 1683 exspectate,
465 1628 480 1667 a
532 1607 606 1667 eibi
629 1605 776 1665 decertare

111 1685 300 1747 constituisse.
320 1684 409 1762 Quod
427 1686 475 1746 nbi
522 1706 592 1745 aesar
607 1683 774 1760 comperit,

112 1762 248 1829 omnibus
263 1762 307 1825 his
324 1767 407 1825 rebus
421 1764 577 1833 confessu,
595 1780 714 1839 quarum
728 1782 778 1822 re·-

111 1863 180 1903 runu
193 1863 275 1904 causa
294 1842 452 1903 exercitum
468 1842 646 1902 transducere
664 1840 778 1899 eonsti-

112 1939 226 1991 metat,
243 1940 275 1983 ur
286 1921 442 1983 Gennanis
454 1922 565 1982 rnenim
580 1919 730 1995 injiceret,
742 1936 777 1980 ut

113 2000 280 2083 Sigambros
303 2002 504 2068 ulcisceretur,
526 2017 560 2060 ut
580 1998 677 2059 Ubios
697 1999 780 2058 obsi-
806 2047 809 2053 .

113 2081 201 2141 dione
212 2083 343 2145 liberaret
354 2112 368 2149 ,·
379 2080 475 2140 diebus
486 2077 608 2139 omnino
619 2097 691 2137 xtux
699 2094 779 2139 trans

113 2158 250 2223 Rhenum
262 2159 437 2237 consumptis
453 2178 467 2233 ς
481 2160 547 2219 satis
557 2158 633 2219 etad
643 2157 779 2228 laudem,-

115 2257 146 2299 et
162 2240 197 2299 ad
216 2239 368 2301 utilitatem
387 2238 548 2317 profectum
563 2238 732 2307 arbitratus,
745 2256 781 2299 se

115 2319 147 2379 in
167 2316 303 2379 Gallium·
316 2319 446 2395 recepit,
463 2334 637 2395 pontemque
653 2317 781 2377 rescidit.

20 2462 21 2469 χ
127 2433 130 2443 ·
155 2395 236 2459 XX.
246 2396 356 2477 Exigua
372 2413 450 2473 parte
461 2395 699 2473 aenansreliqua,
714 2395 784 2457 Cae‘

115 2499 178 2545 εει,
193 2476 250 2537 etsi
265 2477 296 2535 in
311 2476 349 2539 iis
364 2474 456 2544 iocis,
475 2474 554 2552 quod
570 2475 663 2535 omnis
678 2473 783 2537 Gauio

117 2556 153 2617 ad
177 2554 407 2633 Septentrionem
430 2555 549 2646 vergit,
574 2570 690 2614 matum
712 2573 783 2615 sunt

118 2635 247 2705 hiemes,
271 2653 368 2697 tamen
389 2633 423 2693 ἰιι1
441 2631 616 2693 Bntanniam
637 2632 784 2710 proficisci

118 2712 266 2777 romundit
282 2712 399 2791 ,quod
421 2711 555 2775 omuibus
573 2711 633 2773 fere
657 2710 785 2773 Gallicis
