2000 3542
235 310 289 366 1¹8
309 299 386 371 C.J.
401 302 812 378 emunctoriorum

231 447 334 515 bellis,
345 443 471 505 hostibus
484 446 586 505 nostris
602 442 668 503 inde
683 439 894 503 subministrata

231 524 339 585 auxilia
358 525 563 607 intelligebat:
581 541 630 593 et,
653 524 675 582 si
694 542 805 599 tempus
822 519 894 581 anni

232 605 268 665 ad
292 604 401 664 bellum
421 604 577 685 gerendum
600 600 732 662 deficeret
754 622 775 673 3·
793 616 894 660 tamen

231 701 339 761 magno
349 683 401 742 sibi
412 682 473 742 usui
485 682 547 742 fore
555 682 756 749 arbitrabatur,
768 680 894 740 simodo

231 762 355 823 insulam
371 761 488 830 adisset,
508 782 596 844 genus
611 759 764 819 bominum
778 776 895 837 perspe-

231 842 320 901 xisset
333 879 343 908 ,
362 840 447 907 loca,
459 859 577 916 porrus,
592 840 683 923 aditus
692 840 894 919 cognovissem

232 940 294 997 quae
313 918 487 978 omniafere
506 918 603 978 Gallis
619 934 701 977 erant
721 918 865 998 incognita
881 939 894 975 a

230 1017 323 1074 neque
341 998 419 1059 enim
435 1013 543 1058 temere
557 1014 656 1074 prater
669 1013 840 1055 mercatores
854 996 893 1054 ad

231 1076 298 1136 illos
313 1076 370 1136 adit
384 1076 532 1153 quisquam
546 1095 557 1147 3
571 1096 664 1153 neque
680 1076 714 1134 iis
729 1075 797 1152 ipsis
811 1074 896 1150 quid

232 1176 340 1233 quam,
364 1172 464 1232 prater
483 1175 566 1215 oram
589 1155 786 1222 maritimam,
805 1170 894 1230 arque

234 1256 281 1295 eas
292 1234 449 1316 regiones,
465 1252 527 1311 qua
542 1251 607 1294 suut
623 1251 723 1294 centn
737 1232 868 1294 Galliam
880 1272 895 1301 ,

233 1333 338 1375 norum
356 1332 408 1375 est.
423 1308 539 1389 Itaque,
556 1312 723 1373 convocatis
740 1312 780 1372 ad
794 1332 823 1373 se
838 1328 897 1371 un·

159 1459 161 1464 .
231 1393 315 1471 dique
338 1394 561 1461 mercatoribus,
582 1410 674 1469 neque
693 1408 797 1468 quanta
821 1408 895 1451 esser

230 1470 328 1531 insula
346 1470 533 1552 magnitudo,
546 1483 729 1548 aequeque,
745 1487 895 1549 autquan-

231 1567 267 1609 rae
278 1550 407 1610 nationes
418 1549 598 1619 incolerent,
610 1569 702 1627 neque
712 1570 798 1626 quem
808 1570 893 1609 usum

231 1630 300 1688 belli
317 1627 473 1696 haberent,
495 1645 546 1687 aur
561 1629 661 1705 quibus
677 1624 809 1689 institutis
825 1646 897 1689 ute*

230 1726 359 1776 rentur,
382 1726 474 1785 neque
499 1706 548 1784 qui
569 1726 661 1768 essent
685 1707 720 1767 ad
746 1708 894 1785 maiorum

231 1787 348 1877 narium
366 1784 579 1847 multitudinem
597 1787 694 1847 idonei
711 1804 809 1864 porrus
819 1824 830 1854 ,
842 1806 894 1847 re-

230 1884 322 1942 perire
337 1883 461 1943 poterat.

270 1943 380 2006 XXI.
406 1944 453 2003 Ad
474 1942 534 2006 liaec
557 1942 756 2024 cognoscenda
779 1981 791 2011 ,
814 1942 895 2021 prius

232 2044 319 2100 quam
339 2021 498 2099 periculum
513 2022 649 2091 -faceret,
674 2023 811 2082 idoneum
833 2040 899 2083 esse

232 2102 407 2169 arbitratus,
429 2099 466 2159 C.
490 2098 703 2170 Volusenum,
729 2120 797 2161 cnm
823 2102 893 2161 navi

232 2179 335 2269 longa·
346 2177 500 2256 praemittit.
529 2178 608 2240 Huic
627 2181 765 2247 mandat,
782 2197 816 2239 ut
837 2197 894 2240 ex·
991 2215 995 2256 t

232 2258 349 2334 ploratis
366 2256 497 2317 omnibus
513 2260 618 2327 rebus,
633 2258 669 2319 ad
685 2280 714 2320 se
731 2278 817 2337 quam
834 2260 895 2337 pri-

232 2355 315 2396 mum
333 2352 498 2398 revertatur.
516 2335 580 2413 lpse
598 2340 665 2397 cum
683 2338 818 2398 omnibus
835 2358 894 2397 co-

232 2414 305 2491 piis,
324 2414 354 2473 in
367 2413 499 2475 Morinos
514 2414 703 2491 proficiscitur
713 2439 724 2488 3
734 2415 809 2495 quod
824 2416 892 2477 inde

231 2510 293 2553 crat
311 2492 492 2554 brevissimus
509 2494 541 2553 iu
558 2492 735 2555 Britanniam
752 2496 892 2574 rumice-

232 2587 298 2631 tus:
313 2570 368 2631 huc
383 2592 468 2632 naves
476 2572 600 2649 turdique
612 2594 649 2633 ex
659 2572 787 2634 finitimis
795 2593 827 2633 re
849 2576 893 2633 'o-

231 2649 332 2719 nibus‚
350 2669 400 2719 er,
414 2670 502 2726 quam
517 2652 661 2729 superiore
676 2654 817 2714 aestatead
862 2673 895 2713 e-
992 2714 995 2726 f

232 2728 361 2810 creticum
389 2730 507 2793 ballum¹
529 2730 637 2793 lecerat
658 2733 778 2795 classem
815 2732 923 2817 jubet.
