2000 3542
251 342 309 396 266
340 300 851 405 c.J.cmm1·t5e0nntnr.ss
903 400 906 405 ,
981 298 987 349 ⁴

250 480 298 535 ta,
314 461 573 541 bellumaugetutr
592 460 750 540 legationes
768 460 799 522 in
813 470 920 539 omnetj

248 558 341 625 partes
357 538 636 602 circummittuntur:
650 558 790 619 quantum
805 546 917 623 gratia,

248 621 444 690 auctoritate,
465 618 587 696 pecunia
604 619 728 690 valent,
749 618 784 681 ad
804 622 917 685 sollici-

249 702 350 763 tandm
365 697 494 761 ciuitates
508 700 644 761 nituntur.
666 698 755 760 Nacti
773 701 890 763 obsides
908 742 919 775 ,

250 800 323 860 quor
341 778 436 841 Caesar
454 778 528 854 apud
545 798 595 838 eos
606 777 794 857 deposuerat,
811 778 920 843 horum
985 822 987 849 .

251 856 392 937 supplicio
421 856 579 917 dubitantes
605 854 743 920 territant.
771 856 882 921 Petunt
904 882 921 923 a

251 935 490 1017 Vercingetorige
508 934 618 1006 AEdui,
641 953 673 996 ut
691 934 726 996 ad
745 956 773 997 se
791 940 918 1011 veniat,
986 994 987 999 ,

252 1018 432 1092 rationesque
443 1014 513 1075 belli
524 1011 639 1097 gerendi
650 1014 860 1081 communicet.
877 1020 921 1081 Re

251 1096 424 1175 impetrata,
444 1095 642 1165 contendunt,
663 1112 711 1164 ut,
727 1094 795 1173 ipsis
805 1118 920 1159 summa

253 1174 367 1255 imperii
382 1172 558 1237 tranedaturr
572 1192 603 1233 et
613 1193 643 1233 re
650 1173 680 1233 in
693 1178 922 1238 controversiam

251 1256 394 1322 deducta,
415 1252 502 1313 totius
510 1250 614 1313 Gallie
622 1254 779 1315 concilium
789 1255 923 1319 Bibracte

251 1335 395 1398 indicitur.
406 1331 519 1397 Eodem
533 1332 709 1394 conveniunt
722 1334 847 1412 undique
862 1336 922 1397 fre·
986 1376 987 1409 ᾗ

254 1425 405 1495 quenttrt
433 1410 621 1473 multitudinis
638 1408 718 1472 suffra
741 1412 774 1472 iit
792 1432 837 1475 tes
856 1434 926 1493 per·
986 1418 987 1421 ’

255 1495 396 1556 mittitur:
415 1490 450 1550 ad
470 1510 563 1551 unum
585 1510 684 1552 omnes
731 1490 924 1573 ercingetori-

254 1571 456 1655 gemptobant
473 1569 693 1647 Imperatorem.
707 1568 754 1631 Ab
770 1570 827 1633 hoc
845 1592 924 1633 con·-

254 1652 325 1713 cilio
346 1646 473 1717 Rhemi,
497 1646 663 1729 Lingones,
691 1646 804 1725 Treuiri
818 1652 924 1714 abfue-

254 1746 340 1793 runtr
363 1726 430 1795 illi,
448 1726 526 1803 quod
545 1726 702 1789 amicitiam
719 1722 926 1795 Romanorum

252 1809 442 1888 sequebantur
458 1804 595 1878 tTreviri
603 1848 615 1877 ,
634 1806 710 1885 quod
725 1810 840 1870 aberant
849 1811 924 1871 lon·
984 1840 986 1849 ¹

183 1917 188 1923 ·
253 1890 337 1972 gius,
351 1903 381 1948 et
395 1888 430 1946 ab
445 1883 600 1945 Germanis
614 1886 835 1965 premebantur:
857 1910 924 1969 qua·
981 1906 986 1945 t

254 1970 310 2031 fuit
325 1986 434 2036 causa,
455 1984 542 2041 quare
548 1980 615 2025 toto
634 1966 762 2026 abessent
775 1968 873 2043 bello,
892 1986 926 2033 et

252 2047 359 2111 neutris
380 2044 487 2105 auxilia
507 2042 662 2103 mitterent.
685 2042 796 2127 Magno
817 2048 924 2112 dolore
985 2046 986 2051 ’

254 2127 339 2188 AEdui
349 2125 461 2192 ferunt,
482 2143 511 2183 se
527 2121 834 2203 dejectosprincipatu:
847 2148 924 2205 que*
983 2160 986 2177 ⁴

255 2221 356 2268 runnu
370 2202 491 2261 fortunae
510 2202 790 2282 commutationem
810 2224 839 2267 et
854 2206 928 2268 Cae·
985 2216 986 2233 ¹

256 2284 325 2345 sarie
333 2279 537 2363 indulgentiam
555 2279 585 2341 in
601 2298 629 2343 se
645 2281 809 2361 requiruntr
827 2306 926 2366 neque

256 2377 353 2425 tamen
371 2364 382 2429 3
399 2376 530 2436 suscepto
547 2360 646 2429 bello,
666 2382 755 2431 suum,
766 2365 926 2427 consilium
972 2370 977 2382 “

258 2445 295 2503 ab
307 2436 423 2515 ‘reliquis
433 2445 560 2516 reparare
574 2436 688 2499 audent.
708 2438 793 2501 Inviti
803 2464 926 2509 summae
983 2444 985 2463 ¹

256 2518 316 2598 spei
333 2518 546 2587 adolescentes,
571 2516 750 2595 Eporedorix
769 2537 798 2580 et
813 2520 926 2585 Vindu-

256 2618 372 2664 marus,
388 2594 619 2677 Vercingetorigi
628 2604 741 2675 parent.

295 2673 423 2737 LXIV.
440 2675 494 2743 llle
513 2675 555 2739 im
576 2693 636 2737 etat
659 2672 773 2754 reliquis
793 2674 924 2743 civitati.-

255 2761 308 2823 δυ
339 2753 461 2821 obsides.
489 2752 520 2815 D
587 2774 624 2817 ue
649 2754 677 2817 ei
705 2757 748 2817 rei
774 2759 927 2831 constituit
