2000 3542
243 357 295 407 roo
316 341 353 403 C.
367 327 816 420 iensrnrsCoprurur,

237 497 292 543 nos
306 479 422 542 transite
437 426 719 556 prolu‘bebant.illli,
735 475 833 537 omnia
847 490 900 538 ern¹

160 629 162 634 X
237 561 326 656 perti,
344 581 411 621 curn
428 575 520 636 neque
534 560 564 621 vi
580 558 767 625 contendere,
784 574 902 636 propter

237 641 366 717 mopiam
386 638 504 701 navium
521 678 532 709 ,
551 656 645 715 neque
663 639 739 697 clam
759 637 900 705 transire,

237 733 353 799 propter
369 717 513 780 ‘custodias
536 716 739 807 Menapiorum
755 733 898 792 possent,

239 798 343 862 teverti
359 799 427 859 sein
440 817 502 856 suas
518 795 595 857 sedes
611 813 796 876 tegronesque
812 796 902 856 simu⁴
920 820 925 837 ¹
995 870 996 873 Ἴ

238 880 387 949 laverunt3
400 893 428 936 et
445 874 528 936 tridui
544 876 622 936 viam
632 874 791 956 progressi,
806 895 900 934 rursus

241 973 415 1018 reuerterunt
426 977 434 1014 s
445 971 528 1032 arque
545 955 626 1013 omni
641 951 698 1013 hoc
710 953 828 1021 itinere,
842 973 901 1014 una

238 1051 346 1103 nocte,
365 1031 490 1111 equitatu
508 1033 641 1092 confecto
653 1047 671 1103 ‚‘
680 1031 783 1091 inscios
799 1033 906 1110 inopis

239 1131 393 1190 nantesque
409 1112 787 1191 Menapiosoppresserunt,
802 1112 850 1189 qui
865 1112 902 1172 de

241 1190 456 1254 Germanorum
481 1191 601 1252 discessu
627 1211 677 1269 per
702 1191 902 1266 exploratores

239 1273 373 1333 certiores
386 1271 471 1341 facti,
482 1270 542 1330 sine
551 1285 630 1330 metu
637 1286 713 1330 trans
725 1267 899 1330 Rhenum-in

162 1371 164 1375 ’
239 1373 306 1412 suos
321 1352 402 1413 vicos
416 1351 647 1432 remigraverant.
663 1346 718 1408 His
728 1349 899 1419 interfectis,

238 1432 412 1506 navibusque
431 1449 531 1488 eontm
550 1429 715 1506 occupatis,
736 1431 900 1505 priusquam

238 1525 272 1573 ea
288 1527 351 1586 pars
367 1508 588 1584 Menapiorum,
602 1529 663 1584 quae
678 1507 747 1567 citra
763 1507 899 1568 Rhenum

239 1605 319 1656 erar,
339 1586 444 1646 certior
460 1582 563 1655 fieret»,
585 1581 691 1646 flumen
709 1589 899 1660 transierunt3

237 1683 322 1742 atque
338 1665 470 1724 omnibus
483 1684 585 1724 eorum
599 1666 722 1726 edificiis
735 1667 898 1744 occupatis,

237 1745 377 1821 reliquam
394 1761 505 1822 partem
520 1742 623 1805 hiemis
642 1760 671 1806 se
688 1759 790 1807 eorum
809 1749 900 1824 copiis

237 1825 378 1886 aluerunt.
721 1845 726 1854 ·

277 1898 317 1964 V.
332 1899 387 1962 His
405 1901 439 1963 de
457 1903 539 1962 rebus
556 1898 652 1962 Caesar
667 1904 771 1964 certior
783 1902 874 1964 factus
885 1945 899 1974 ,

238 1999 268 2044 et
285 1977 479 2042 infirmitatem
497 1980 652 2042 Gallorum
668 1985 796 2053 veritus,
819 1983 896 2060 quod

238 2079 303 2121 sunt
315 2061 345 2120 in
358 2060 483 2119 consiliis
495 2060 638 2136 capiendis
652 2064 790 2131 mobiles,
803 2078 832 2123 et
842 2083 898 2120 no⁴

237 2141 281 2201 vis
303 2139 470 2215 plerumque
490 2140 571 2198 rebus
595 2141 734 2213 student,
757 2140 828 2201 nihil
853 2141 898 2202 his

236 2217 473 2284 committendum
484 2217 665 2280 existimauit.
678 2216 733 2278 Est
743 2237 832 2280 autern
845 2218 897 2281 hoo

238 2291 361 2356 Gallico
383 2294 621 2366 consuetudinis,
644 2315 699 2367 ur,
722 2317 750 2358 er
774 2299 899 2360 viatores

238 2373 323 2433 etiam
339 2372 442 2434 invitos
459 2375 611 2435 consistere
623 2393 724 2456 cogant
733 2397 746 2448 ;
757 2396 807 2445 er,
825 2376 899 2455 quod

236 2452 349 2530 quisque
365 2473 457 2542 eorum
475 2451 510 2512 dt
524 2473 628 2534 quoque
643 2475 673 2514 re
688 2455 828 2524 audierit,
848 2471 898 2516 out

236 2547 415 2666 cognouerit,
432 2549 555 2609 quoerant
568 2551 792 2596 :coniuratores
807 2533 837 2594 in
849 2553 902 2616 op-

234 2607 264 2690 pi
287 2607 311 2668 is
335 2607 434 2688 uulgus
454 2609 669 2683 circumsistor5
693 2613 840 2692 quibusque
858 2633 896 2674 eu

234 2685 394 2766 regionibus
403 2687 536 2758 veniant,
554 2710 673 2769 quosque
686 2691 724 2751 ibi
736 2711 781 2753 rer
792 2707 894 2771 cogno-⁴
972 2714 977 2722 ¹

235 2764 326 2830 verint
335 2808 347 2838 ,
356 2765 537 2850 pronunciare
546 2786 658 2851 cogant.
668 2768 726 2832 Hit
737 2769 895 2834 rumoridus
