2000 3542
147 315 352 380 ,ntBtcuo
371 313 695 386 Gatttcohnth
734 315 770 382 'tt'

103 445 285 528 spiciendtun
301 453 534 527 existimarim
548 455 604 515 iter
610 457 647 516 ab
658 453 774 517 Helve-

101 529 150 590 tiis
167 533 288 601 avertit,
309 554 345 594 ac
355 533 484 594 Bibracte
501 533 543 592 ire
562 535 718 595 contendit.
728 534 774 595 Ea

100 623 149 670 res
164 631 216 688 per
235 612 266 672 fu
288 613 373 674 irivot
389 610 425 674 L.
443 611 555 672 AEmilii
564 654 576 682 ,
597 614 774 675 Decurionir

100 689 234 828 muitum
333 704 442 760 orum,
469 689 595 752 hortibus
610 694 772 753 nunciatur.

154 768 252 838 hierii,
264 791 314 832 seu
327 770 403 848 quod
419 769 524 830 timore
533 773 695 848 perterritos
705 771 772 830 Ro*

101 863 210 907 manos
226 848 368 910 discedere
379 850 592 918 existimarent,
606 870 644 910 eo
659 851 771 930 magis,

100 927 183 1002 quod
194 927 302 1004 pridie,
321 927 509 1005 superioribus
521 928 594 989 locis
605 931 749 1007 occupatis
759 967 771 996 ‚

100 1005 240 1082 proeliunr
257 1027 316 1066 non
336 1006 561 1081 commisissent}
576 1008 636 1069 sive
647 1009 724 1086 quod
740 1025 773 1068 re

101 1083 291 1145 frumentaria
308 1087 456 1147 intercludi
474 1105 558 1164 porse
576 1086 770 1154 confiderent,

103 1177 290 1225 commutato
299 1167 434 1234 consilio,
446 1179 530 1244 atque
538 1165 639 1226 itinere
646 1181 774 1226 conver·

103 1260 156 1313 so,
167 1245 472 1306 nostrotanovissinro
486 1245 603 1328 agmine
612 1244 721 1322 insequi
736 1263 774 1330 ac

103 1322 275 1384 lacesseret
324 1341 416 1385 erunt.

142 1400 288 1484 XXIV.
333 1421 463 1481 ostquatn
480 1402 508 1462 id
522 1399 651 1462 animum
667 1403 771 1464 adver·

102 1479 152 1549 tit,
165 1481 263 1559 copias
273 1503 335 1544 tuas
343 1481 439 1546 cesar
447 1481 477 1541 in
487 1482 651 1560 proximum
662 1484 771 1544 collem

103 1559 262 1634 subducit3
283 1563 528 1639 equitatumque,
554 1562 604 1640 qui
625 1565 775 1622 sustineret

103 1637 235 1700 hostiurn
250 1642 411 1719 impeturn,
430 1641 519 1702 mitit.
536 1641 599 1718 lpse
615 1640 772 1702 interimit!

105 1719 186 1780 colle
205 1719 303 1781 medio
322 1721 463 1798 triplicem
480 1719 574 1781 aciem
585 1719 773 1782 instruxitle·

103 1798 229 1879 giorum
239 1815 365 1877 quatuor
380 1815 594 1867 veteranarum,
615 1801 654 1859 ita
665 1801 707 1860 uti
720 1823 773 1861 su-

105 1895 159 1972 pra
170 1879 238 1940 lein
250 1899 366 1939 summo
376 1879 449 1960 jugo
457 1877 525 1938 duas
536 1878 686 1958 legiones,
702 1899 775 1956 quat

105 1977 138 2017 ιιι
150 1955 250 2018 Gallia
259 1957 391 2020 citeriore
400 1956 533 2036 proxime
547 1958 749 2034 conscripserat
761 1996 771 2026 ,

108 2053 139 2097 er
155 2038 253 2098 omnia
273 2038 401 2106 auxilia,
418 2037 603 2105 collocaret,
626 2057 660 2096 ac
677 2053 772 2101 totum

107 2133 241 2177 montem
250 2115 413 2176 horninibus
419 2116 590 2193 compleret.
596 2116 706 2177 interea
716 2133 775 2176 sar·

108 2196 189 2256 cinas
198 2195 229 2254 in
245 2216 335 2257 unum
346 2196 445 2256 locum
455 2195 596 2263 conferri,
608 2212 638 2256 et
651 2213 717 2256 eum
735 2198 771 2255 ab

108 2275 161 2344 iis,
173 2275 221 2352 qui
233 2274 262 2334 in
272 2298 302 2335 su
340 2275 415 2335 riore
425 2275 486 2335 acie
493 2275 697 2344 constiterant,
706 2297 775 2336 nru-

108 2355 166 2414 niri
177 2353 265 2433 jussit.
310 2354 407 2415 elvetii
419 2373 485 2414 curn
498 2354 630 2427 omnibus
640 2353 695 2414 suis
704 2359 774 2415 car-2

108 2434 148 2493 ris
169 2434 257 2496 secuti
269 2472 279 2503 ‚
291 2434 498 2510 impedimenta
513 2433 544 2491 in
562 2453 652 2494 unum
671 2434 772 2495 locunt

110 2513 310 2575 contulerunt:
321 2513 374 2591 ipsi
391 2512 594 2572 confertissima
604 2515 682 2581 acie,
693 2514 774 2592 reje-

111 2609 161 2654 cto
179 2609 276 2652 nostro
294 2592 439 2670 equitatu,
457 2590 598 2674 phalange
614 2592 705 2669 facta,
719 2596 775 2654 sub'

109 2672 233 2752 primam
244 2689 371 2734 nostram
380 2669 472 2732 aciem
482 2678 682 2732 successerunt
696 2673 698 2677 ⁴

80 2810 86 2829 ,
148 2749 268 2817 XXV.
287 2740 553 2830 ‘castrationum
571 2771 649 2823 tuo,
668 2751 772 2816 demde
793 2763 796 2768 '
