2000 3542
241 372 296 421 126
325 354 825 433 c.J.casst1sc'oan'm-s;

235 508 411 583 perturbatio
433 510 509 570 lacta
527 524 591 568 est:
612 506 800 586 nequeenim
818 525 912 567 naves

238 602 318 646 erant
339 587 402 648 alia
419 630 431 659 ,
448 586 550 666 quibus
565 586 701 664 reportari
719 601 833 665 possent
849 607 858 659 3
876 602 911 646 et

237 665 337 726 omnia
361 666 495 737 deerant,
524 684 586 744 quae
610 665 645 725 ad
672 662 836 726 reficiendas
859 670 910 724 e'as

237 744 301 805 usui
323 766 387 807 sunt
403 768 413 821 ς
428 764 478 816 et,
498 746 575 821 quod
603 745 735 805 omnibus
757 746 910 805 constabat
932 764 935 767 ·

237 820 365 887 hiemare
381 826 411 886 in
433 824 534 885 Gallia
557 842 710 902 oportere,
729 824 909 885 fulmentum

238 898 322 963 his'in
342 905 413 965 locis
424 906 454 964 in
472 902 598 963 hiemem
607 903 756 983 provisum
762 922 823 962 non
832 920 908 965 erat.

275 978 393 1055 XXX.
410 978 523 1061 Quibus
540 987 622 1044 rebus
638 982 780 1064 cognitis,
795 982 907 1060 princi·

236 1078 288 1141 pes
306 1060 478 1135 Britanniae,
495 1060 544 1141 qui
584 1079 629 1123 ost
641 1059 775 1146 prolium
791 1060 827 1122 ad
845 1064 906 1133 ed,

238 1160 299 1219 quat
306 1140 422 1221 jusserat
435 1140 545 1210 Cacsar,
554 1082 681 1203 dicienda
691 1156 905 1213 convenerant,

238 1218 313 1281 inter
321 1241 350 1283 se
360 1220 516 1292 collocuti,
533 1242 600 1282 curn
610 1221 737 1299 equites,
754 1238 783 1280 et
795 1240 904 1291 naves,

240 1317 270 1361 et
284 1298 459 1363 frumentum
477 1300 616 1361 Romanis
635 1300 732 1361 deesse
755 1299 905 1381 intellige-

239 1396 303 1440 rent
323 1401 334 1454 ;
356 1399 385 1443 et
405 1379 577 1461 paucitatem
594 1381 720 1441 militum
741 1400 776 1439 ex
796 1397 907 1441 castro-

240 1476 304 1519 rum
327 1461 480 1541 exiguitate
507 1462 714 1552 cognoscerent
734 1481 743 1531 ;
766 1480 826 1537 quae
844 1456 907 1522 hoc

241 1554 321 1620 erant
335 1540 422 1599 etiam
438 1555 620 1619 angustiora,
640 1539 715 1618 quod
731 1539 791 1599 sine
807 1540 904 1617 impe·

240 1615 371 1679 dimentis
387 1618 480 1681 Caesar
499 1617 627 1699 legiones
644 1634 903 1695 transportaverat:

240 1694 381 1773 optimum
399 1696 474 1757 factu
490 1716 548 1757 esse
566 1698 725 1768 duxerunt,
745 1698 904 1761 rebellione

238 1772 313 1836 facta
336 1819 347 1845 ,
371 1774 516 1838 frumento
546 1795 765 1855 commeatuque
790 1784 903 1839 nostros

239 1852 405 1933 prohibere,
420 1874 449 1919 et
467 1874 529 1917 rem
543 1855 573 1916 in
590 1854 716 1918 hiemem
727 1856 902 1935 producere3
930 1893 943 1910 κ

240 1934 316 2026 quod
332 1974 342 2003 ‚
361 1934 404 1996 his
421 1936 575 2013 superatis,
594 1953 643 1997 aut
661 1936 751 1997 'reditu
767 1935 904 1998 interclu-

239 2033 294 2082 sts,
312 2014 456 2075 neminem
468 2031 567 2093 postea
584 2014 652 2075 belli
666 2014 803 2075 inferendi
816 2037 902 2078 causa

238 2090 268 2149 in
284 2090 458 2152 Britanniam
472 2093 654 2154 transiturum
671 2092 860 2156 confidebant.
875 2094 883 2116 '

278 2167 411 2232 XXXI.
438 2171 536 2249 Itaque
556 2213 566 2243 ,
589 2187 680 2234 rursus
701 2172 901 2249 conjuratione
991 2213 994 2226 ·

238 2244 333 2318 facta,
359 2249 496 2327 paulatim
515 2268 552 2310 ex
571 2253 666 2312 castris
682 2251 847 2324 discedere,
866 2275 901 2317 ac

238 2346 303 2388 suos
327 2327 402 2389 clam
427 2348 463 2387 ex
489 2330 562 2411 agris
582 2329 718 2392 deducere
744 2351 903 2411 coeperunt.

238 2407 279 2465 At
297 2406 417 2476 Caesar,
439 2408 490 2469 etsi
512 2408 640 2469 nondum
660 2429 760 2471 eorum
780 2414 903 2476 consilia

239 2504 432 2567 cognoverat,
451 2506 547 2549 tamen
562 2506 592 2549 et
609 2510 647 2549 ex
665 2508 769 2551 eventu
782 2490 900 2555 navium

239 2584 382 2634 suarum,
418 2583 446 2627 et
473 2587 509 2627 ex
535 2588 572 2628 eo
604 2569 681 2647 quod
705 2569 813 2631 obsides
833 2572 901 2635 dare

238 2640 465 2715 intermiserant,
481 2646 543 2708 fore
557 2647 585 2709 id
601 2648 679 2727 quod
695 2648 797 2709 accidit
812 2650 902 2731 suspi-
988 2714 993 2721 ,

239 2724 364 2786 cabatur.
386 2726 482 2808 ltaque
505 2726 540 2787 ad
561 2748 662 2789 omnes
681 2748 760 2790 casus
780 2730 900 2795 subsidia

160 2840 164 2849 ·
239 2806 420 2885 comparabat
434 2826 443 2868 r
459 2821 528 2868 nam
543 2824 573 2870 et
583 2808 759 2872 frumentum
775 2827 811 2872 tx
824 2810 900 2895 agris
