2000 3542
160 294 700 369 nrnrttocsmcotrsu.
722 326 778 383 ις,

24 446 28 456 ·
108 430 229 513 proinde
252 432 344 492 omnia
368 432 398 492 in
423 432 540 498 victoria
559 437 654 516 posite
677 440 780 502 existi·

113 530 234 574 manent.
250 510 338 573 Erant
356 529 385 572 et
403 514 532 582 virtute,
543 534 572 576 et
588 538 710 581 numero
727 542 781 599 pu·

109 592 227 671 gtmndo
244 612 325 669 pares
341 614 350 651 ε
368 594 474 661 nostri,
494 597 731 669 tametsiaduce,
748 616 779 661 et

112 690 131 730 a
153 670 266 731 fortuna
291 670 487 731 deserebantur
506 694 517 746 t
536 691 633 735 tamen
658 697 778 742 omnem

112 770 193 827 spem
220 750 315 812 salutis
335 742 368 808 in
394 752 498 812 virtute
524 756 668 829 ponebant
687 778 697 829 ς
719 776 777 829 et,

113 828 225 906 quoties
240 848 355 907 quotque
371 829 474 890 cohors
492 851 684 907 procurreret,
695 838 731 896 ab
743 855 779 899 ea

111 926 193 985 parte
212 926 333 987 magnus
354 906 479 969 hostium
496 930 629 973 numerus
648 914 778 980 cadebat.

115 984 186 1063 Qua
204 1005 234 1045 re
252 987 466 1057 animadversa,
484 989 637 1056 Ambiorix
653 1013 780 1069 pronun·

112 1063 183 1125 ciati
208 1064 313 1143 jubet,
336 1084 368 1126 ut
389 1070 490 1144 procul
516 1070 573 1129 telo
595 1072 776 1146 conjiciant,

113 1164 170 1204 neu
179 1144 294 1236 propius
304 1146 515 1218 accedantget,
530 1148 777 1227 quaminpartcm
829 1187 832 1192 <

112 1223 242 1283 Romam
260 1223 401 1302 impetum
421 1224 559 1304 fecerint,
579 1228 681 1288 cedant
701 1252 710 1289 ε
730 1232 778 1291 le.

108 1301 202 1364 vitate
222 1320 389 1372 armorum,
410 1323 439 1364 et
457 1305 621 1383 quotidiana
642 1312 780 1370 exercita-

113 1381 194 1442 tione
224 1380 296 1442 nihil
325 1382 359 1442 iis
381 1384 480 1443 noceri
506 1404 611 1461 posse;
631 1406 723 1447 rursus
745 1407 775 1453 se

110 1462 151 1525 ⁴ud
171 1461 192 1520 si
234 1482 251 1521 a
270 1462 439 1539 recipientes
457 1463 649 1540 insequantur.

155 1538 187 1599 X
233 1538 311 1604 XV.
340 1539 412 1617 Quo
431 1560 572 1619 ptaecepto
594 1546 630 1602 ab
650 1543 684 1606 iis
709 1544 777 1605 diti-

113 1618 277 1757 §entissime
297 1620 466 1689 observato,
485 1642 553 1681 oum
570 1622 707 1701 quaepiam
725 1645 779 1685 co-

137 1717 183 1757 ors
199 1717 235 1758 ex
255 1699 324 1759 orbe
344 1718 522 1767 excesserat,
535 1720 619 1778 atque
637 1704 778 1780 impetunt

112 1778 245 1847 fecerat,
270 1775 363 1838 hostes
390 1779 569 1839 velocissime
591 1780 778 1861 refingiebant,

116 1856 235 1921 Interim
253 1874 288 1916 ea
307 1874 386 1932 parte
404 1857 504 1919 nudati
520 1876 635 1916 necesse
650 1877 728 1927 erat,
747 1878 778 1922 et

115 1937 152 1997 eb
168 1936 256 1995 latere
271 1952 370 2012 aperto
386 1938 445 1997 tela
460 1935 560 2013 recipi.
570 1937 693 2006 Rursus,
711 1958 778 1999 cum

117 2015 147 2077 in
168 2033 235 2074 cum
254 2013 374 2083 locum,
393 2015 468 2076 uncie
488 2032 568 2076 erant
585 2017 708 2098 egressi,
729 2036 779 2077 re-

40 2117 47 2129 *
114 2091 190 2155 verti
206 2112 368 2169 coeperant,
388 2113 416 2153 et
433 2097 468 2155 ab
480 2094 533 2163 iis,
554 2096 603 2171 qui
620 2113 777 2167 cesserant,

117 2190 147 2233 et
165 2173 200 2230 ab
218 2172 268 2240 iis,
287 2171 334 2249 qui
351 2172 475 2249 proximi
491 2190 641 2241 steterant,
657 2174 782 2236 circum·

117 2250 305 2313 veniebantur
329 2274 337 2312 :
365 2253 406 2310 sin
437 2270 533 2312 autem
557 2253 655 2313 locunt
680 2272 778 2321 tenere

117 2330 248 2398 vellent,
265 2348 359 2407 neque
380 2330 476 2391 virtuti
495 2330 576 2391 locus
596 2331 779 2408 relinqueba-

117 2426 186 2478 tur,
208 2428 299 2485 neque
320 2430 337 2468 a
355 2426 433 2469 tanta
452 2409 631 2475 multitudine
649 2411 780 2485 conjecta

118 2487 177 2548 cela
198 2487 317 2563 conferti
335 2490 424 2549 vitare
443 2505 584 2565 poterant.
605 2488 717 2548 Tamen
735 2506 780 2553 tot

118 2564 310 2627 incommodis
321 2564 492 2634 conflictati,
511 2568 606 2627 multis
616 2569 779 2629 vulneribus

111 2645 263 2724 ecceptis,
279 2646 461 2715 resistebant3
474 2664 503 2705 et
514 2666 617 2726 magna
630 2666 709 2724 parte
722 2646 780 2720 diei

111 2741 308 2811 consumpta,
326 2746 395 2795 cum
410 2745 428 2788 a
443 2726 535 2812 prirua
552 2726 616 2793 luce
628 2727 663 2787 ad
677 2726 779 2792 horam
