2000 3542
159 290 693 372 ornrrrooirrrcobrr.11.
716 303 763 380 *67

94 428 281 499 firmaverant
298 477 308 508 ‚
331 437 423 498 subito
441 437 573 498 omnibus
590 437 680 516 copiis
693 457 763 516 pro-

94 517 284 585 volaverunt,
301 518 495 594 impetumque
509 518 539 576 in
555 537 668 578 nostros
681 519 761 596 equi·

94 609 139 656 tes
155 595 292 657 fecerunt.
319 595 373 656 His
388 597 472 658 facile
488 597 576 674 pultis
595 618 629 657 ac
644 617 759 676 protur-

94 675 190 745 batis,
205 674 362 736 incredibili
378 676 522 736 celeritate
537 675 573 738 ad
589 673 695 738 flumen
710 675 761 738 de·

28 762 31 765 ·
94 773 280 823 cucurrerunt
293 775 305 828 a
319 773 350 818 ut
366 773 439 834 pene
454 777 515 816 uno
532 773 661 834 tempore
680 773 708 818 et
723 756 759 818 ad

96 833 203 903 silvas,
224 852 253 895 et
270 835 301 894 in
317 833 455 905 flumine,
474 854 503 896 et
514 835 572 912 jam
587 835 617 894 in
629 834 763 896 manibus

43 951 48 958 -
94 915 200 974 nostris
222 913 510 976 hostes-viderentur.
533 913 641 976 Eadem
663 933 761 976 autem

95 993 244 1060 eeleritate
261 992 378 1055 adverso
397 994 471 1054 colle
490 994 525 1054 ad
541 1012 638 1054 nostra
650 1012 761 1064 castra,

95 1090 182 1148 atque
200 1092 269 1142 eos,
290 1073 339 1150 qui
355 1075 385 1134 ir
404 1093 490 1152 opere
510 1073 759 1150 occupauerant,

94 1151 313 1212 contenderunt.

136 1229 212 1292 XX.
227 1229 330 1292 Caesari
342 1229 441 1294 omnia
456 1251 516 1292 uno
534 1246 663 1308 tempore
677 1245 762 1290 erant

96 1311 207 1391 agenda
227 1311 395 1372 :vexillum
416 1309 660 1387 proponendum,
683 1307 762 1386 quod

96 1408 158 1454 erat
166 1389 292 1472 insigne,
305 1410 372 1452 cum
383 1389 418 1450 ad
432 1407 512 1448 arma
526 1388 658 1472 concurri
671 1409 761 1466 opor*

94 1485 193 1536 teret:
216 1469 329 1550 signum
351 1470 418 1530 tuba
439 1467 564 1527 dandum
585 1490 600 1528 r.
614 1470 650 1528 ab
673 1484 762 1546 opere

93 1549 249 1616 revocandi
274 1547 378 1608 milites
399 1570 408 1608 t
430 1547 478 1625 qui
497 1548 588 1624 paulo
611 1547 725 1628 longius
747 1583 761 1618 ‚

73 1634 79 1638 ”
95 1628 206 1711 aggeris
222 1627 337 1706 petendi
353 1648 456 1695 eausa,
473 1646 688 1704 processerant,
707 1647 760 1686 ac-

33 1775 37 1786 ,
94 1707 222 1773 terrendi
240 1730 249 1766 a
271 1706 345 1768 acies
366 1705 556 1768 instruenda:
577 1704 681 1766 milites
704 1727 763 1766 co*

95 1786 227 1852 hortandi
246 1809 256 1848 r·
274 1787 386 1868 signum
407 1783 541 1848 dandum.
563 1781 695 1861 Quarum
712 1806 761 1846 re*

94 1889 161 1930 mm
192 1887 327 1948 magnam
353 1882 464 1942 partem
493 1863 630 1939 temporis
662 1863 761 1924 brevi-

95 1967 159 2024 tas,
181 1965 210 2008 et
232 1947 357 2006 incursus
378 1942 503 2004 hostium
520 1941 702 2019 impediebat.
719 1941 758 2000 Iis

94 2023 305 2092 difficultatibus
333 2020 392 2084 dua
420 2043 463 2084 tes
495 2039 576 2085 erant
603 2019 759 2088 subsidio,

88 2105 215 2168 -scientia
232 2122 315 2183 atque
338 2125 402 2164 urus
427 2101 585 2170 militum,
610 2099 687 2178 quod
708 2121 760 2160 su-

95 2185 253 2266 perioribus
280 2182 386 2260 proeliis
410 2178 672 2259 exercitati‚,quid
695 2177 759 2240 fieri

97 2281 262 2344 oporteret,
280 2261 447 2322 domminus
463 2257 618 2330 commode
636 2258 689 2336 ipsi
705 2256 760 2318 sibi

93 2345 291 2424 prescribere,
309 2361 396 2420 quam
414 2343 449 2399 ab
467 2341 529 2401 aliis
546 2338 662 2422 doceri,
676 2353 763 2413 pote-

94 2441 161 2486 rant
172 2445 182 2494 ς
194 2439 223 2482 et
237 2419 313 2499 quod
330 2421 365 2480 ab
383 2437 469 2497 opere
482 2415 652 2500 singulisque
666 2415 761 2497 legio-

95 2505 179 2564 nibus
200 2501 325 2584 singulot
346 2497 456 2580 legatos
478 2498 572 2576 Caesar
595 2495 757 2564 discedere,

96 2582 151 2643 niti
165 2581 280 2642 munitis
294 2579 405 2648 eastris,
417 2595 556 2643 vetuerat.
571 2574 613 2636 Hi
622 2615 633 2643 ‚
642 2581 766 2654 propter

95 2660 272 2722 celeritatem
298 2675 327 2720 et
349 2657 587 2736 propinquitatem
610 2653 762 2722 hostium,

97 2739 171 2810 nihil
192 2739 253 2821 jam
264 2735 388 2821 ,Ceratis
405 2736 559 2816 imperium
575 2736 765 2873 speetebanu

616 2833 640 2895 ¹1
