<?xml version="1.0" encoding="UTF-8"?>
<!DOCTYPE html PUBLIC "-//W3C//DTD XHTML 1.0 Transitional//EN"
    "http://www.w3.org/TR/xhtml1/DTD/xhtml1-transitional.dtd">
<html xmlns="http://www.w3.org/1999/xhtml" xml:lang="en" lang="en">
 <head>
  <title>
</title>
<meta http-equiv="Content-Type" content="text/html;charset=utf-8" />
  <meta name='ocr-system' content='tesseract 3.04.00' />
  <meta name='ocr-capabilities' content='ocr_page ocr_carea ocr_par ocr_line ocrx_word'/>
</head>
<body>
  <div class='ocr_page' id='page_1' title='image "./cjuliicaesarisq01hirtgoog_0186.png"; bbox 0 0 2000 3542; ppageno 0'>
   <div class='ocr_carea' id='block_1_1' title="bbox 182 338 795 421">
    <p class='ocr_par' dir='ltr' id='par_1_1' title="bbox 182 338 795 421">
     <span class='ocr_line' id='line_1_1' title="bbox 182 338 795 421; baseline -0.011 -8"><span class='ocrx_word' id='word_1_1' title='bbox 182 338 721 415; x_wconf 63' lang='lat' dir='ltr'>naBsatoG&#39;atncoLtqu.</span> <span class='ocrx_word' id='word_1_2' title='bbox 744 364 795 421; x_wconf 83' lang='lat'>15¹</span> 
     </span>
    </p>
   </div>
   <div class='ocr_carea' id='block_1_2' title="bbox 131 488 810 1120">
    <p class='ocr_par' dir='ltr' id='par_1_2' title="bbox 132 488 810 809">
     <span class='ocr_line' id='line_1_2' title="bbox 133 488 810 571; baseline -0.001 -17"><span class='ocrx_word' id='word_1_3' title='bbox 133 504 330 571; x_wconf 71' lang='lat' dir='ltr'>quaestorem,</span> <span class='ocrx_word' id='word_1_4' title='bbox 350 514 379 555; x_wconf 87' lang='lat' dir='ltr'>et</span> <span class='ocrx_word' id='word_1_5' title='bbox 393 488 432 557; x_wconf 70' lang='lat' dir='ltr'>l.</span> <span class='ocrx_word' id='word_1_6' title='bbox 453 492 616 555; x_wconf 76' lang='lat' dir='ltr'>Munatium</span> <span class='ocrx_word' id='word_1_7' title='bbox 633 492 772 555; x_wconf 78' lang='lat' dir='ltr'>Plancum</span> <span class='ocrx_word' id='word_1_8' title='bbox 786 534 810 563; x_wconf 82' lang='lat'>„</span> 
     </span>
     <span class='ocr_line' id='line_1_3' title="bbox 134 572 797 655; baseline 0.002 -23"><span class='ocrx_word' id='word_1_9' title='bbox 134 590 163 632; x_wconf 89' lang='lat' dir='ltr'>et</span> <span class='ocrx_word' id='word_1_10' title='bbox 179 572 217 635; x_wconf 81' lang='lat' dir='ltr'>C.</span> <span class='ocrx_word' id='word_1_11' title='bbox 229 572 409 635; x_wconf 84' lang='lat' dir='ltr'>Trebonium</span> <span class='ocrx_word' id='word_1_12' title='bbox 422 576 532 655; x_wconf 85' lang='lat' dir='ltr'>legatos</span> <span class='ocrx_word' id='word_1_13' title='bbox 544 572 678 650; x_wconf 69' lang='lat' dir='ltr'>praefecit.</span> <span class='ocrx_word' id='word_1_14' title='bbox 695 572 797 633; x_wconf 90' lang='lat' dir='ltr'>Unam</span> 
     </span>
     <span class='ocr_line' id='line_1_4' title="bbox 132 646 797 731; baseline 0.003 -20"><span class='ocrx_word' id='word_1_15' title='bbox 132 646 301 731; x_wconf 84' lang='lat' dir='ltr'>legionem,</span> <span class='ocrx_word' id='word_1_16' title='bbox 324 667 410 731; x_wconf 88' lang='lat' dir='ltr'>quam</span> <span class='ocrx_word' id='word_1_17' title='bbox 433 653 565 731; x_wconf 81' lang='lat' dir='ltr'>proxime</span> <span class='ocrx_word' id='word_1_18' title='bbox 588 668 665 712; x_wconf 86' lang='lat' dir='ltr'>trans</span> <span class='ocrx_word' id='word_1_19' title='bbox 686 650 797 713; x_wconf 88' lang='lat' dir='ltr'>Padum</span> 
     </span>
     <span class='ocr_line' id='line_1_5' title="bbox 133 730 795 809; baseline -0.003 -16"><span class='ocrx_word' id='word_1_20' title='bbox 133 732 357 809; x_wconf 80' lang='lat' dir='ltr'>conscripserat,</span> <span class='ocrx_word' id='word_1_21' title='bbox 370 748 399 793; x_wconf 88' lang='lat' dir='ltr'>et</span> <span class='ocrx_word' id='word_1_22' title='bbox 412 731 545 793; x_wconf 82' lang='lat' dir='ltr'>cohortes</span> <span class='ocrx_word' id='word_1_23' title='bbox 556 752 579 791; x_wconf 89' lang='lat' dir='ltr'>v</span> <span class='ocrx_word' id='word_1_24' title='bbox 587 732 617 790; x_wconf 90' lang='lat' dir='ltr'>in</span> <span class='ocrx_word' id='word_1_25' title='bbox 628 730 795 801; x_wconf 81' lang='lat' dir='ltr'>Eburones,</span> 
     </span>
    </p>

    <p class='ocr_par' dir='ltr' id='par_1_3' title="bbox 131 809 797 1120">
     <span class='ocr_line' id='line_1_6' title="bbox 172 809 797 889; baseline -0.002 -19"><span class='ocrx_word' id='word_1_26' title='bbox 172 824 256 871; x_wconf 80' lang='lat' dir='ltr'>orum</span> <span class='ocrx_word' id='word_1_27' title='bbox 273 820 337 889; x_wconf 87' lang='lat' dir='ltr'>pa&#39;ts</span> <span class='ocrx_word' id='word_1_28' title='bbox 354 812 481 872; x_wconf 86' lang='lat' dir='ltr'>maxima</span> <span class='ocrx_word' id='word_1_29' title='bbox 492 830 535 872; x_wconf 89' lang='lat' dir='ltr'>est</span> <span class='ocrx_word' id='word_1_30' title='bbox 548 809 621 871; x_wconf 87' lang='lat' dir='ltr'>inter</span> <span class='ocrx_word' id='word_1_31' title='bbox 635 809 750 869; x_wconf 78' lang='lat' dir='ltr'>Mosam</span> <span class='ocrx_word' id='word_1_32' title='bbox 767 827 797 869; x_wconf 90' lang='lat' dir='ltr'>et</span> 
     </span>
     <span class='ocr_line' id='line_1_7' title="bbox 131 827 796 971; baseline 0.002 -24"><span class='ocrx_word' id='word_1_33' title='bbox 131 827 291 960; x_wconf 52' lang='lat' dir='ltr'>Albulam,</span> <span class='ocrx_word' id='word_1_34' title='bbox 310 890 358 968; x_wconf 86' lang='lat' dir='ltr'>qui</span> <span class='ocrx_word' id='word_1_35' title='bbox 373 892 423 951; x_wconf 89' lang='lat' dir='ltr'>sub</span> <span class='ocrx_word' id='word_1_36' title='bbox 440 890 562 968; x_wconf 83' lang='lat' dir='ltr'>imperio</span> <span class='ocrx_word' id='word_1_37' title='bbox 578 889 754 971; x_wconf 78' lang='lat' dir='ltr'>Ambiorigis</span> <span class='ocrx_word' id='word_1_38' title='bbox 766 906 796 948; x_wconf 81' lang='lat' dir='ltr'>et</span> 
     </span>
     <span class='ocr_line' id='line_1_8' title="bbox 133 965 795 1045; baseline 0.003 -18"><span class='ocrx_word' id='word_1_39' title='bbox 133 966 277 1030; x_wconf 85' lang='lat' dir='ltr'>Cativulci</span> <span class='ocrx_word' id='word_1_40' title='bbox 297 984 398 1038; x_wconf 82' lang='lat' dir='ltr'>erant,</span> <span class='ocrx_word' id='word_1_41' title='bbox 419 969 506 1032; x_wconf 83' lang='lat' dir='ltr'>misit.</span> <span class='ocrx_word' id='word_1_42' title='bbox 523 968 578 1029; x_wconf 85' lang='lat' dir='ltr'>His</span> <span class='ocrx_word' id='word_1_43' title='bbox 597 966 732 1029; x_wconf 81' lang='lat' dir='ltr'>militibus</span> <span class='ocrx_word' id='word_1_44' title='bbox 752 965 795 1045; x_wconf 88' lang='lat' dir='ltr'>Q.</span> 
     </span>
     <span class='ocr_line' id='line_1_9' title="bbox 132 1044 795 1120; baseline 0 -13"><span class='ocrx_word' id='word_1_45' title='bbox 132 1044 279 1110; x_wconf 86' lang='lat' dir='ltr'>Titurium</span> <span class='ocrx_word' id='word_1_46' title='bbox 295 1048 451 1120; x_wconf 87' lang='lat' dir='ltr'>Sabinum,</span> <span class='ocrx_word' id='word_1_47' title='bbox 469 1066 498 1109; x_wconf 89' lang='lat' dir='ltr'>et</span> <span class='ocrx_word' id='word_1_48' title='bbox 516 1046 550 1110; x_wconf 87' lang='lat' dir='ltr'>L.</span> <span class='ocrx_word' id='word_1_49' title='bbox 567 1048 795 1112; x_wconf 80' lang='lat' dir='ltr'>Aurunculeium</span> 
     </span>
    </p>
   </div>
   <div class='ocr_carea' id='block_1_3' title="bbox 62 1124 794 1289">
    <p class='ocr_par' dir='ltr' id='par_1_4' title="bbox 62 1124 794 1289">
     <span class='ocr_line' id='line_1_10' title="bbox 62 1124 794 1218; baseline 0.001 -33"><span class='ocrx_word' id='word_1_50' title='bbox 62 1161 66 1166; x_wconf 91' lang='lat'>-</span> <span class='ocrx_word' id='word_1_51' title='bbox 133 1124 273 1197; x_wconf 78' lang='lat' dir='ltr'>Cottam,</span> <span class='ocrx_word' id='word_1_52' title='bbox 291 1128 400 1209; x_wconf 83' lang='lat' dir='ltr'>legatos</span> <span class='ocrx_word' id='word_1_53' title='bbox 418 1144 535 1207; x_wconf 72' lang='lat' dir='ltr'>praesse</span> <span class='ocrx_word' id='word_1_54' title='bbox 547 1124 636 1218; x_wconf 81' lang='lat' dir='ltr'>jussit.</span> <span class='ocrx_word' id='word_1_55' title='bbox 654 1124 794 1218; x_wconf 39' lang='lat' dir='ltr'>Ad&#39;lrunc</span> 
     </span>
     <span class='ocr_line' id='line_1_11' title="bbox 113 1204 794 1289; baseline 0.003 -25"><span class='ocrx_word' id='word_1_56' title='bbox 113 1206 252 1269; x_wconf 22' lang='lat' dir='ltr'>,modurn</span> <span class='ocrx_word' id='word_1_57' title='bbox 274 1205 423 1269; x_wconf 85' lang='lat' dir='ltr'>distributis</span> <span class='ocrx_word' id='word_1_58' title='bbox 446 1207 606 1289; x_wconf 79' lang='lat' dir='ltr'>legionibus</span> <span class='ocrx_word' id='word_1_59' title='bbox 625 1245 636 1274; x_wconf 90' lang='lat'>,</span> <span class='ocrx_word' id='word_1_60' title='bbox 655 1204 794 1266; x_wconf 78' lang='lat' dir='ltr'>facillime</span> 
     </span>
    </p>
   </div>
   <div class='ocr_carea' id='block_1_4' title="bbox 123 1282 806 2160">
    <p class='ocr_par' dir='ltr' id='par_1_5' title="bbox 130 1282 795 1585">
     <span class='ocr_line' id='line_1_12' title="bbox 133 1282 795 1363; baseline 0 -18"><span class='ocrx_word' id='word_1_61' title='bbox 133 1282 237 1363; x_wconf 77' lang='lat' dir='ltr'>inopia</span> <span class='ocrx_word' id='word_1_62' title='bbox 246 1286 436 1348; x_wconf 75' lang='lat' dir='ltr'>frumentaria</span> <span class='ocrx_word' id='word_1_63' title='bbox 445 1304 506 1347; x_wconf 84' lang='lat' dir='ltr'>sese</span> <span class='ocrx_word' id='word_1_64' title='bbox 514 1282 795 1363; x_wconf 78' lang='lat' dir='ltr'>medetiposseexis-</span> 
     </span>
     <span class='ocr_line' id='line_1_13' title="bbox 131 1361 795 1445; baseline -0.002 -20"><span class='ocrx_word' id='word_1_65' title='bbox 131 1361 254 1445; x_wconf 77' lang='lat' dir='ltr'>rimavit.</span> <span class='ocrx_word' id='word_1_66' title='bbox 265 1364 360 1443; x_wconf 87' lang='lat' dir='ltr'>Atque</span> <span class='ocrx_word' id='word_1_67' title='bbox 376 1364 478 1426; x_wconf 80' lang='lat' dir='ltr'>hatum</span> <span class='ocrx_word' id='word_1_68' title='bbox 495 1380 593 1425; x_wconf 86' lang='lat' dir='ltr'>tamen</span> <span class='ocrx_word' id='word_1_69' title='bbox 605 1364 736 1424; x_wconf 87' lang='lat' dir='ltr'>omnium</span> <span class='ocrx_word' id='word_1_70' title='bbox 747 1365 795 1424; x_wconf 87' lang='lat' dir='ltr'>le·</span> 
     </span>
     <span class='ocr_line' id='line_1_14' title="bbox 130 1441 792 1585; baseline 0.005 -82"><span class='ocrx_word' id='word_1_71' title='bbox 130 1444 251 1585; x_wconf 48' lang='lat' dir='ltr'>ffonum</span> <span class='ocrx_word' id='word_1_72' title='bbox 271 1442 387 1505; x_wconf 88' lang='lat' dir='ltr'>hiberna</span> <span class='ocrx_word' id='word_1_73' title='bbox 407 1449 531 1520; x_wconf 81' lang='lat' dir='ltr'>(praeter</span> <span class='ocrx_word' id='word_1_74' title='bbox 547 1462 631 1512; x_wconf 83' lang='lat' dir='ltr'>eam,</span> <span class='ocrx_word' id='word_1_75' title='bbox 650 1463 736 1520; x_wconf 81' lang='lat' dir='ltr'>quam</span> <span class='ocrx_word' id='word_1_76' title='bbox 756 1441 792 1506; x_wconf 82' lang='lat' dir='ltr'>L.</span> 
     </span>
    </p>

    <p class='ocr_par' dir='ltr' id='par_1_6' title="bbox 123 1522 806 2160">
     <span class='ocr_line' id='line_1_15' title="bbox 159 1522 792 1601; baseline -0.002 -19"><span class='ocrx_word' id='word_1_77' title='bbox 159 1522 238 1583; x_wconf 87' lang='lat' dir='ltr'>oscio</span> <span class='ocrx_word' id='word_1_78' title='bbox 260 1522 289 1581; x_wconf 89' lang='lat' dir='ltr'>in</span> <span class='ocrx_word' id='word_1_79' title='bbox 312 1525 520 1601; x_wconf 84' lang='lat' dir='ltr'>pacatissimam</span> <span class='ocrx_word' id='word_1_80' title='bbox 540 1540 569 1585; x_wconf 84' lang='lat' dir='ltr'>et</span> <span class='ocrx_word' id='word_1_81' title='bbox 587 1522 792 1601; x_wconf 82' lang='lat' dir='ltr'>quietissimam</span> 
     </span>
     <span class='ocr_line' id='line_1_16' title="bbox 123 1596 793 1681; baseline -0.003 -18"><span class='ocrx_word' id='word_1_82' title='bbox 123 1596 240 1681; x_wconf 62' lang='lat' dir='ltr'>lpattem</span> <span class='ocrx_word' id='word_1_83' title='bbox 256 1600 414 1663; x_wconf 82' lang='lat' dir='ltr'>ducendam</span> <span class='ocrx_word' id='word_1_84' title='bbox 433 1603 569 1675; x_wconf 85' lang='lat' dir='ltr'>dederat)</span> <span class='ocrx_word' id='word_1_85' title='bbox 586 1602 711 1663; x_wconf 84' lang='lat' dir='ltr'>millibus</span> <span class='ocrx_word' id='word_1_86' title='bbox 728 1623 793 1680; x_wconf 87' lang='lat' dir='ltr'>pas-</span> 
     </span>
     <span class='ocr_line' id='line_1_17' title="bbox 129 1680 806 1761; baseline -0.001 -19"><span class='ocrx_word' id='word_1_87' title='bbox 129 1700 239 1742; x_wconf 86' lang='lat' dir='ltr'>suumc</span> <span class='ocrx_word' id='word_1_88' title='bbox 250 1681 478 1746; x_wconf 83' lang='lat' dir='ltr'>continebantur.</span> <span class='ocrx_word' id='word_1_89' title='bbox 489 1684 553 1761; x_wconf 83' lang='lat' dir='ltr'>Ipse</span> <span class='ocrx_word' id='word_1_90' title='bbox 565 1682 687 1749; x_wconf 85' lang='lat' dir='ltr'>interea,</span> <span class='ocrx_word' id='word_1_91' title='bbox 698 1680 806 1759; x_wconf 87' lang='lat' dir='ltr'>quoad·</span> 
     </span>
     <span class='ocr_line' id='line_1_18' title="bbox 130 1759 792 1852; baseline 0.002 -31"><span class='ocrx_word' id='word_1_92' title='bbox 130 1760 261 1843; x_wconf 83' lang='lat' dir='ltr'>legiones</span> <span class='ocrx_word' id='word_1_93' title='bbox 283 1763 463 1833; x_wconf 85' lang='lat' dir='ltr'>collocatas,</span> <span class='ocrx_word' id='word_1_94' title='bbox 488 1762 657 1852; x_wconf 75' lang='lat' dir='ltr'>munitaque</span> <span class='ocrx_word' id='word_1_95' title='bbox 674 1759 792 1822; x_wconf 84' lang='lat' dir='ltr'>hiberna</span> 
     </span>
     <span class='ocr_line' id='line_1_19' title="bbox 128 1837 796 1912; baseline 0 -11"><span class='ocrx_word' id='word_1_96' title='bbox 128 1860 167 1901; x_wconf 86' lang='lat' dir='ltr'>co</span> <span class='ocrx_word' id='word_1_97' title='bbox 208 1840 330 1912; x_wconf 64' lang='lat' dir='ltr'>otissa,</span> <span class='ocrx_word' id='word_1_98' title='bbox 349 1841 379 1901; x_wconf 89' lang='lat' dir='ltr'>in</span> <span class='ocrx_word' id='word_1_99' title='bbox 395 1840 495 1901; x_wconf 84' lang='lat' dir='ltr'>Gallia</span> <span class='ocrx_word' id='word_1_100' title='bbox 511 1859 618 1900; x_wconf 89' lang='lat' dir='ltr'>moran</span> <span class='ocrx_word' id='word_1_101' title='bbox 635 1837 796 1901; x_wconf 86' lang='lat' dir='ltr'>constituit.-</span> 
     </span>
     <span class='ocr_line' id='line_1_20' title="bbox 141 1919 792 1981; baseline 0 -2"><span class='ocrx_word' id='word_1_102' title='bbox 141 1934 145 1949; x_wconf 75' lang='lat'><em>²</em></span> <span class='ocrx_word' id='word_1_103' title='bbox 207 1919 283 1979; x_wconf 88' lang='lat' dir='ltr'>XV.</span> <span class='ocrx_word' id='word_1_104' title='bbox 295 1919 363 1981; x_wconf 87' lang='lat' dir='ltr'>Erat</span> <span class='ocrx_word' id='word_1_105' title='bbox 372 1922 400 1979; x_wconf 91' lang='lat' dir='ltr'>in</span> <span class='ocrx_word' id='word_1_106' title='bbox 414 1919 586 1981; x_wconf 86' lang='lat' dir='ltr'>Carnutibus</span> <span class='ocrx_word' id='word_1_107' title='bbox 595 1938 711 1979; x_wconf 90' lang='lat' dir='ltr'>summo</span> <span class='ocrx_word' id='word_1_108' title='bbox 722 1919 792 1979; x_wconf 86' lang='lat' dir='ltr'>loco</span> 
     </span>
     <span class='ocr_line' id='line_1_21' title="bbox 128 1997 793 2081; baseline -0.003 -21"><span class='ocrx_word' id='word_1_109' title='bbox 128 2016 212 2060; x_wconf 77' lang='lat' dir='ltr'>mtus</span> <span class='ocrx_word' id='word_1_110' title='bbox 235 1998 386 2081; x_wconf 87' lang='lat' dir='ltr'>Tasgetius</span> <span class='ocrx_word' id='word_1_111' title='bbox 407 2022 418 2072; x_wconf 70' lang='grc' dir='ltr'><strong>ς</strong></span> <span class='ocrx_word' id='word_1_112' title='bbox 438 1998 519 2078; x_wconf 74' lang='lat' dir='ltr'>cujus</span> <span class='ocrx_word' id='word_1_113' title='bbox 542 1997 666 2068; x_wconf 83' lang='lat' dir='ltr'>maiores</span> <span class='ocrx_word' id='word_1_114' title='bbox 688 1997 717 2057; x_wconf 91' lang='lat' dir='ltr'>in</span> <span class='ocrx_word' id='word_1_115' title='bbox 742 2011 793 2058; x_wconf 71' lang='lat' dir='ltr'>uta</span> 
     </span>
     <span class='ocr_line' id='line_1_22' title="bbox 128 2076 791 2160; baseline -0.002 -24"><span class='ocrx_word' id='word_1_116' title='bbox 128 2077 244 2143; x_wconf 75' lang='lat' dir='ltr'>civitate</span> <span class='ocrx_word' id='word_1_117' title='bbox 255 2097 374 2160; x_wconf 85' lang='lat' dir='ltr'>regnum</span> <span class='ocrx_word' id='word_1_118' title='bbox 386 2076 578 2140; x_wconf 80' lang='lat' dir='ltr'>ob&#39;tinuerant.</span> <span class='ocrx_word' id='word_1_119' title='bbox 589 2076 667 2139; x_wconf 84' lang='lat' dir='ltr'>Huic</span> <span class='ocrx_word' id='word_1_120' title='bbox 678 2076 791 2145; x_wconf 73' lang='lat' dir='ltr'>Casas,</span> 
     </span>
    </p>
   </div>
   <div class='ocr_carea' id='block_1_5' title="bbox 127 2156 896 2235">
    <p class='ocr_par' dir='ltr' id='par_1_7' title="bbox 127 2156 896 2235">
     <span class='ocr_line' id='line_1_23' title="bbox 127 2156 896 2235; baseline 0 -20"><span class='ocrx_word' id='word_1_121' title='bbox 127 2176 181 2235; x_wconf 87' lang='lat' dir='ltr'>pro</span> <span class='ocrx_word' id='word_1_122' title='bbox 201 2156 261 2234; x_wconf 84' lang='lat' dir='ltr'>ejus</span> <span class='ocrx_word' id='word_1_123' title='bbox 281 2160 402 2228; x_wconf 90' lang='lat' dir='ltr'>virtute,</span> <span class='ocrx_word' id='word_1_124' title='bbox 421 2174 504 2235; x_wconf 88' lang='lat' dir='ltr'>atque</span> <span class='ocrx_word' id='word_1_125' title='bbox 522 2158 552 2215; x_wconf 87' lang='lat' dir='ltr'>in</span> <span class='ocrx_word' id='word_1_126' title='bbox 572 2176 600 2215; x_wconf 90' lang='lat' dir='ltr'>se</span> <span class='ocrx_word' id='word_1_127' title='bbox 618 2157 795 2215; x_wconf 80' lang='lat' dir='ltr'>bensvolen-</span> <span class='ocrx_word' id='word_1_128' title='bbox 889 2200 896 2215; x_wconf 80' lang='lat'>.</span> 
     </span>
    </p>
   </div>
   <div class='ocr_carea' id='block_1_6' title="bbox 127 2234 806 2484">
    <p class='ocr_par' dir='ltr' id='par_1_8' title="bbox 127 2234 806 2484">
     <span class='ocr_line' id='line_1_24' title="bbox 127 2234 792 2316; baseline -0.003 -21"><span class='ocrx_word' id='word_1_129' title='bbox 127 2237 187 2304; x_wconf 86' lang='lat' dir='ltr'>tia,</span> <span class='ocrx_word' id='word_1_130' title='bbox 205 2236 281 2313; x_wconf 89' lang='lat' dir='ltr'>quod</span> <span class='ocrx_word' id='word_1_131' title='bbox 294 2237 322 2295; x_wconf 93' lang='lat' dir='ltr'>in</span> <span class='ocrx_word' id='word_1_132' title='bbox 341 2237 473 2298; x_wconf 87' lang='lat' dir='ltr'>omnibus</span> <span class='ocrx_word' id='word_1_133' title='bbox 485 2236 567 2296; x_wconf 84' lang='lat' dir='ltr'>bellis</span> <span class='ocrx_word' id='word_1_134' title='bbox 581 2234 716 2316; x_wconf 75' lang='lat' dir='ltr'>singulari</span> <span class='ocrx_word' id='word_1_135' title='bbox 729 2234 792 2313; x_wconf 80' lang='lat' dir='ltr'>ejus</span> 
     </span>
     <span class='ocr_line' id='line_1_25' title="bbox 129 2314 806 2394; baseline 0 -21"><span class='ocrx_word' id='word_1_136' title='bbox 129 2334 217 2391; x_wconf 88' lang='lat' dir='ltr'>opera</span> <span class='ocrx_word' id='word_1_137' title='bbox 232 2315 324 2375; x_wconf 84' lang='lat' dir='ltr'>firerat</span> <span class='ocrx_word' id='word_1_138' title='bbox 338 2336 421 2385; x_wconf 89' lang='lat' dir='ltr'>usus,</span> <span class='ocrx_word' id='word_1_139' title='bbox 437 2315 582 2394; x_wconf 83' lang='lat' dir='ltr'>majorum</span> <span class='ocrx_word' id='word_1_140' title='bbox 598 2315 701 2374; x_wconf 79' lang='lat' dir='ltr'>locum</span> <span class='ocrx_word' id='word_1_141' title='bbox 711 2314 806 2374; x_wconf 62' lang='lat' dir='ltr'>resti·</span> 
     </span>
     <span class='ocr_line' id='line_1_26' title="bbox 127 2392 793 2484; baseline -0.005 -31"><span class='ocrx_word' id='word_1_142' title='bbox 127 2409 232 2455; x_wconf 84' lang='lat' dir='ltr'>tuerat.</span> <span class='ocrx_word' id='word_1_143' title='bbox 248 2393 379 2455; x_wconf 84' lang='lat' dir='ltr'>Tertium</span> <span class='ocrx_word' id='word_1_144' title='bbox 392 2396 451 2473; x_wconf 83' lang='lat' dir='ltr'>jam</span> <span class='ocrx_word' id='word_1_145' title='bbox 462 2392 538 2455; x_wconf 88' lang='lat' dir='ltr'>hunc</span> <span class='ocrx_word' id='word_1_146' title='bbox 548 2413 654 2454; x_wconf 90' lang='lat' dir='ltr'>annum</span> <span class='ocrx_word' id='word_1_147' title='bbox 665 2412 793 2484; x_wconf 35' lang='lat' dir='ltr'>regnan·-</span> 
     </span>
    </p>
   </div>
   <div class='ocr_carea' id='block_1_7' title="bbox 77 2472 792 2551">
    <p class='ocr_par' dir='ltr' id='par_1_9' title="bbox 77 2472 792 2551">
     <span class='ocr_line' id='line_1_27' title="bbox 77 2472 792 2551; baseline -0.001 -18"><span class='ocrx_word' id='word_1_148' title='bbox 77 2497 79 2501; x_wconf 71' lang='grc'><strong>’</strong></span> <span class='ocrx_word' id='word_1_149' title='bbox 128 2488 188 2533; x_wconf 91' lang='lat' dir='ltr'>tem</span> <span class='ocrx_word' id='word_1_150' title='bbox 204 2472 313 2533; x_wconf 84' lang='lat' dir='ltr'>inimici</span> <span class='ocrx_word' id='word_1_151' title='bbox 327 2476 424 2551; x_wconf 86' lang='lat' dir='ltr'>palam</span> <span class='ocrx_word' id='word_1_152' title='bbox 434 2514 444 2543; x_wconf 96' lang='lat'>,</span> <span class='ocrx_word' id='word_1_153' title='bbox 454 2473 554 2534; x_wconf 88' lang='lat' dir='ltr'>multis</span> <span class='ocrx_word' id='word_1_154' title='bbox 568 2472 656 2533; x_wconf 89' lang='lat' dir='ltr'>eriam</span> <span class='ocrx_word' id='word_1_155' title='bbox 668 2490 705 2531; x_wconf 83' lang='lat' dir='ltr'>ert</span> <span class='ocrx_word' id='word_1_156' title='bbox 722 2492 792 2532; x_wconf 81' lang='lat' dir='ltr'>trvn-</span> 
     </span>
    </p>
   </div>
   <div class='ocr_carea' id='block_1_8' title="bbox 128 2550 794 2788">
    <p class='ocr_par' dir='ltr' id='par_1_10' title="bbox 128 2550 794 2788">
     <span class='ocr_line' id='line_1_28' title="bbox 128 2550 794 2624; baseline 0 -13"><span class='ocrx_word' id='word_1_157' title='bbox 128 2566 187 2611; x_wconf 89' lang='lat' dir='ltr'>tate</span> <span class='ocrx_word' id='word_1_158' title='bbox 210 2550 399 2624; x_wconf 80' lang='lat' dir='ltr'>auctoribus,</span> <span class='ocrx_word' id='word_1_159' title='bbox 422 2553 632 2613; x_wconf 83' lang='lat' dir='ltr'>interfecerunt.</span> <span class='ocrx_word' id='word_1_160' title='bbox 656 2550 794 2624; x_wconf 82' lang='lat' dir='ltr'>Defertur</span> 
     </span>
     <span class='ocr_line' id='line_1_29' title="bbox 130 2628 793 2706; baseline -0.003 -16"><span class='ocrx_word' id='word_1_161' title='bbox 130 2650 164 2690; x_wconf 80' lang='lat' dir='ltr'>ea</span> <span class='ocrx_word' id='word_1_162' title='bbox 182 2650 224 2691; x_wconf 88' lang='lat' dir='ltr'>res</span> <span class='ocrx_word' id='word_1_163' title='bbox 245 2630 279 2690; x_wconf 91' lang='lat' dir='ltr'>ad</span> <span class='ocrx_word' id='word_1_164' title='bbox 309 2630 461 2694; x_wconf 80' lang='lat' dir='ltr'>Caesarem.</span> <span class='ocrx_word' id='word_1_165' title='bbox 485 2634 540 2692; x_wconf 89' lang='lat' dir='ltr'>Ille</span> <span class='ocrx_word' id='word_1_166' title='bbox 553 2700 556 2706; x_wconf 23' lang='lat'>¹</span> <span class='ocrx_word' id='word_1_167' title='bbox 570 2631 696 2700; x_wconf 81' lang='lat' dir='ltr'>veritus,</span> <span class='ocrx_word' id='word_1_168' title='bbox 715 2628 793 2706; x_wconf 91' lang='lat' dir='ltr'>quod</span> 
     </span>
     <span class='ocr_line' id='line_1_30' title="bbox 129 2709 793 2788; baseline -0.002 -19"><span class='ocrx_word' id='word_1_169' title='bbox 129 2709 163 2769; x_wconf 87' lang='lat' dir='ltr'>ad</span> <span class='ocrx_word' id='word_1_170' title='bbox 177 2712 269 2787; x_wconf 90' lang='lat' dir='ltr'>plures</span> <span class='ocrx_word' id='word_1_171' title='bbox 281 2730 323 2770; x_wconf 86' lang='lat' dir='ltr'>res</span> <span class='ocrx_word' id='word_1_172' title='bbox 335 2712 509 2788; x_wconf 84' lang='lat' dir='ltr'>pertinebat,</span> <span class='ocrx_word' id='word_1_173' title='bbox 522 2729 560 2769; x_wconf 86' lang='lat' dir='ltr'>ne</span> <span class='ocrx_word' id='word_1_174' title='bbox 574 2710 673 2770; x_wconf 82' lang='lat' dir='ltr'>civitas</span> <span class='ocrx_word' id='word_1_175' title='bbox 689 2727 793 2769; x_wconf 87' lang='lat' dir='ltr'>eorum</span> 
     </span>
    </p>
   </div>
   <div class='ocr_carea' id='block_1_9' title="bbox 129 2787 792 2931">
    <p class='ocr_par' dir='ltr' id='par_1_11' title="bbox 129 2787 792 2931">
     <span class='ocr_line' id='line_1_31' title="bbox 129 2787 792 2926; baseline -0.005 -76"><span class='ocrx_word' id='word_1_176' title='bbox 129 2787 256 2868; x_wconf 82' lang='lat' dir='ltr'>irnpulsu</span> <span class='ocrx_word' id='word_1_177' title='bbox 276 2788 431 2862; x_wconf 86' lang='lat' dir='ltr'>deficeret,</span> <span class='ocrx_word' id='word_1_178' title='bbox 449 2789 492 2854; x_wconf 66' lang='lat' dir='ltr'>L,-</span> <span class='ocrx_word' id='word_1_179' title='bbox 505 2790 650 2926; x_wconf 66' lang='lat' dir='ltr'>Planeqqr⁸</span> <span class='ocrx_word' id='word_1_180' title='bbox 662 2803 730 2851; x_wconf 84' lang='lat' dir='ltr'>cum</span> <span class='ocrx_word' id='word_1_181' title='bbox 746 2789 792 2848; x_wconf 85' lang='lat' dir='ltr'>ls-</span> 
     </span>
     <span class='ocr_line' id='line_1_32' title="bbox 641 2888 672 2931; baseline 0 0"><span class='ocrx_word' id='word_1_182' title='bbox 641 2888 672 2931; x_wconf 79' lang='lat' dir='ltr'>av</span> 
     </span>
    </p>
   </div>
   <div class='ocr_carea' id='block_1_10' title="bbox 0 0 1004 3542">
    <p class='ocr_par' dir='ltr' id='par_1_12' title="bbox 0 0 1004 3542">
     <span class='ocr_line' id='line_1_33' title="bbox 0 0 1004 3542; baseline 0 1"><span class='ocrx_word' id='word_1_183' title='bbox 0 0 1004 3542; x_wconf 95' lang='lat' dir='ltr'> </span> 
     </span>
    </p>
   </div>
  </div>
 </body>
</html>
