2000 3542
129 286 792 413 *tstllrtrollltrrcobrullium²

132 462 274 545 :xvlls
295 466 383 547 Quod
401 472 604 545 tumerebrius
620 466 779 543 accideret,

107 563 147 610 ex
158 550 273 626 captivo
283 549 410 626 quodam
422 553 563 628 comperit
572 551 666 613 Cesar
676 590 686 620 ,
698 550 779 613 Cor*

108 649 193 689 reum
212 629 435 699 Bellovacorum
453 629 556 690 ducem
577 670 587 699 ,
605 620 778 693 fortissimo·

107 727 175 768 rum
193 706 286 767 millia
297 725 338 769 vt
351 708 477 786 peditmn
487 709 640 791 delegisse,
654 711 779 786 equites-

109 804 168 863 que
177 786 303 846 exomni
314 800 437 848 numero
445 785 527 849 mllle
534 788 662 865 ,quosin
671 788 777 849 insidiis

108 885 147 925 eo
157 867 227 925 loco
237 865 411 935 collocaret,
420 882 506 944 quern
517 867 546 926 in
554 868 652 929 locum
662 907 672 937 ,
684 888 774 946 prop·

106 944 280 1021 tercopiam
293 935 427 1005 frumenti
446 966 480 1007 ac
494 938 612 1025 pabuli,
625 938 776 1009 Romanos

106 1024 276 1101 pabulatum
288 1023 422 1085 missuros
431 1026 627 1103 suspicaremr.
640 1022 711 1162 quo
722 1048 776 1089 co·

106 1102 192 1185 gnito
212 1103 354 1172 consilio,
377 1104 472 1163 Caesar
488 1104 618 1185 legiones
640 1124 736 1181 putes
760 1145 771 1173 ‚

107 1202 195 1258 quam
204 1182 325 1250 solebat,
333 1180 428 1242 educit
436 1182 675 1260 requitatutnque,
686 1198 774 1274 quem

106 1260 238 1339 presidio
268 1275 379 1338 semper
413 1262 624 1338 pabulatoribus
659 1276 773 1345 mittere

111 1352 300 1401 consueverat
327 1378 337 1408 ,
377 1330 550 1416 praemittit;
588 1332 656 1401 huic
688 1340 777 1402 inter*

106 1418 192 1495 ponit
211 1418 317 1479 auxdia
340 1419 411 1479 levis
430 1437 577 1479 armaturae
597 1442 606 1479 ε
630 1412 691 1495 ipse
704 1436 771 1481 cum

11 1534 12 1539 κ
77 1520 80 1525 ·
105 1497 268 1578 legionibus
286 1516 373 1575 quam
402 1509 496 1576 potest
522 1498 650 1559 maxime
670 1516 773 1577 appro³

128 1598 158 1635 rn
198 1594 239 1637 at.
663 1626 666 1631 .
757 1634 763 1645 ,

106 1596 128 1654 p
147 1598 197 1716 liu
191 1646 223 1717 V
233 1656 248 1715 I
259 1656 274 1715 I
285 1656 310 1715 I.
324 1644 431 1715 Hostes
448 1646 478 1715 in
496 1648 602 1716 insidiis
624 1648 769 1734 dispositi,

106 1756 176 1795 tum
194 1734 246 1802 sibi
262 1732 431 1814 delegissent
441 1754 575 1812 campum
594 1728 704 1797 adrem
720 1734 772 1817 gess

105 1813 228 1885 tendam
239 1827 300 1873 non
319 1807 442 1891 amplius
459 1826 609 1890 patentem¹
623 1806 652 1871 in
670 1816 772 1889 omne&

105 1886 772 1972 partespassibusmsilvisundiqueimpeditississ

105 1972 183 2041 mis,
204 1987 255 2033 aut
271 1970 409 2032 altissimo
426 1961 564 2039 flumine,
582 1972 663 2031 velut
687 1970 770 2031 inda·

107 2052 175 2132 gine
189 2049 351 2121 munitum
366 2040 442 2109 bunc
459 2049 564 2110 insidiis
574 2048 770 2111 circumdede-

107 2148 175 2190 runt
187 2130 289 2192 nostri.
305 2128 463 2207 Explorato
480 2126 608 2189 hostium
628 2128 771 2201 consilio,

108 2210 145 2269 ad
173 2207 363 2287 proeliandum
386 2208 485 2288 animo
515 2221 599 2287 atque
618 2206 702 2273 armis
723 2231 774 2288 pa·

108 2289 190 2362 rati3
215 2306 305 2357 cum,
327 2287 556 2363 subsequentibus
577 2282 770 2369 legionibus,

108 2369 219 2429 nullam
230 2365 445 2428 dimicationem
460 2378 641 2435 recusarent,
661 2384 771 2427 turma-

108 2448 161 2509 tim
180 2448 210 2508 in
228 2466 296 2508 eum
313 2445 413 2505 locum
430 2438 615 2505 devenerunt.
634 2442 771 2522 Quorum

109 2527 232 2587 adventu
248 2545 315 2586 curn
333 2523 385 2599 sibi
402 2523 528 2584 Correus
543 2524 670 2585 oblatam
682 2546 771 2586 occu-r

110 2607 223 2667 sionem
235 2604 275 2665 rei
293 2603 421 2685 gerendae
434 2601 630 2672 existimaret,
646 2606 772 2680 primum

109 2706 177 2745 eum
192 2682 289 2761 paucis
306 2704 335 2743 se
350 2682 473 2743 ostendit
490 2705 501 2753 ς
523 2684 606 2761 atqu'e
624 2682 653 2742 in
674 2676 774 2759 proxi-²

111 2784 172 2825 tuas
191 2780 298 2822 turmas
313 2763 453 2843 impeturn
472 2762 551 2826 facit.
574 2759 675 2821 Nostri
691 2781 777 2823 cons*

151 2840 253 2904 Toms
272 2831 298 2902 l.
622 2838 647 2899 C
661 2861 679 2903 e
