2000 3542
134 348 679 432 onlitrtoGntttco.Lra.Vl.
702 356 756 414 ἰιι

95 487 220 550 munitio
228 507 286 559 est,
298 509 358 568 quae
367 487 530 565 perterritos
542 488 680 568 recipiat?
695 511 762 569 nao-

95 565 134 626 do
154 569 329 646 conscripti,
346 587 429 645 atque
444 588 509 628 usus
525 562 654 629 militaris
670 571 763 648 irnpe-

96 643 143 706 r'iti
155 688 165 717 ,
176 649 210 708 ad
225 649 369 709 tribunum
380 647 442 706 mil.
461 647 694 728 centurionesque
709 671 760 709 orn

95 730 288 799 convertunt3
302 727 367 805 quid
381 727 417 785 'ab
431 725 474 785 his
484 729 679 803 precipiatur,
694 748 761 790 ensa

94 805 219 881 pectant.
232 805 331 866 Nemo
343 823 384 866 est
395 822 454 864 tam
463 804 559 874 fortis,
572 807 640 884 quin
654 805 696 866 rei
705 827 759 866 no·

95 883 184 944 vitare
199 886 386 962 perturbetur.
406 881 539 953 Barbari,
560 885 640 968 signa
657 885 759 962 procul

96 964 253 1041 conspicati
275 1003 285 1034 ‚
316 965 351 1022 ab
372 963 586 1043 oppugnatione
601 964 757 1026 desistunt:

46 1082 49 1088 -
96 1041 197 1103 redisse
206 1043 301 1122 primo
316 1041 444 1124 legiones
455 1041 593 1111 credunt,
612 1065 680 1121 quas
690 1046 760 1104 lon·

95 1121 159 1199 gius
179 1122 349 1190 discessisse,
364 1143 400 1181 ex
420 1121 538 1197 captivis
551 1139 759 1204 cognoverant.

97 1201 217 1272 Postea,
242 1201 370 1278 despecta
391 1201 549 1278 paucitate,
568 1220 605 1260 ex
626 1202 760 1262 omnibus

96 1282 220 1358 partibus
232 1281 371 1357 impeturn
383 1279 500 1340 faciunt.
580 1301 583 1305 ·

137 1359 210 1420 XL.
234 1359 359 1420 Calones
376 1359 406 1417 in
431 1357 598 1494 proximum
615 1357 759 1419 tumulum

97 1434 266 1518 procurrunt
284 1461 294 1512 ;
313 1437 380 1497 hinc
397 1458 430 1497 ce
443 1436 528 1497 erirer
545 1436 663 1514 dejecti,
676 1458 706 1498 se
725 1437 757 1496 in

96 1520 175 1598 signa
189 1517 406 1595 manipulosque
420 1514 600 1593 conjiciunt:
619 1537 655 1577 eo
667 1517 759 1598 magis

97 1597 214 1658 timidos
234 1613 389 1674 perterrent
409 1595 525 1656 milites.
547 1594 632 1666 Alii,
664 1617 758 1658 cuneo

96 1677 193 1746 facto,
211 1694 242 1736 ut
266 1673 395 1736 celeriter
412 1689 605 1752 perrumpant,
621 1694 757 1750 censern3

96 1755 235 1834 quoniam
249 1771 308 1814 tarn
318 1753 475 1832 propinqua
488 1754 543 1814 sint
558 1773 645 1814 castra
655 1778 664 1815 s
676 1773 722 1825 er,
734 1759 758 1816 si

95 1855 160 1912 pars
179 1835 271 1914 aliqua
289 1833 482 1894 circumventa
494 1832 645 1902 ceciderit,
667 1852 696 1892 at
712 1855 757 1893 re·

101 1915 196 1994 liquos
206 1913 308 1974 servari
320 1931 419 1990 posse,
432 1910 578 1971 confidunt
588 1932 597 1983 3
608 1910 721 1980 alii,·ur
729 1913 761 1972 in

95 1991 169 2074 ¹jugo
181 1993 355 2061 consistant,
371 2009 455 2068 atque
469 1990 601 2050 eumdem
610 2006 711 2050 omnes
719 1991 762 2051 fr·

97 2089 162 2131 rant
170 2093 277 2134 casum.
292 2069 360 2131 Ho'c
376 2089 485 2130 veteres
495 2087 555 2128 non
569 2070 689 2145 probant
702 2071 759 2129 rni-

97 2150 181 2221 lites,
201 2173 272 2230 quos
290 2153 339 2210 sub
348 2149 458 2210 uexillo
475 2168 532 2208 una
544 2148 692 2286 profectos
702 2147 758 2212 do·

98 2227 225 2290 culmus:
248 2229 342 2308 iraque
365 2229 438 2288 inter
460 2247 543 2288 seco
564 2229 673 2296 ornei,
688 2229 761 2294 duce

100 2307 138 2368 C.
156 2301 325 2378 Trebonio,
338 2307 431 2384 equite
446 2303 483 2367 lt.
498 2305 549 2384 qui
564 2308 604 2392 eis
613 2325 673 2367 erat
686 2330 761 2388 prar-

104 2385 229 2482 positus,
249 2407 300 2465 per
320 2383 429 2445 medios
447 2383 542 2445 hostes
556 2403 760 2466 pernunpunt,

106 2467 321 2544 incolumesque
341 2461 375 2524 ad
395 2485 485 2525 unum
504 2482 605 2526 omnes
621 2463 652 2522 in
673 2487 763 2531 castra

102 2546 282 2622 perveniunt.
302 2543 367 2603 Hos
390 2544 527 2604 subsecuti
549 2544 665 2603 calones
683 2547 762 2627 equi-

100 2643 197 2702 tesque
218 2625 321 2684 eodem
342 2623 450 2700 impetu
472 2660 482 2690 ,
514 2621 639 2682 militum
657 2625 761 2690 virture

100 2723 256 2764 servantur.
274 2702 314 2761 Ar
324 2702 344 2761 ii
355 2743 365 2772 ,
376 2699 424 2779 qui
438 2701 466 2758 in
475 2700 546 2781 jugo
556 2701 738 2778 constiterant
749 2749 762 2778 ,

97 2781 180 2844 nullo
195 2781 282 2843 etiarn
294 2801 370 2842 nunc
383 2801 436 2840 ussi
448 2777 490 2840 rei
502 2777 632 2839 militatis
640 2799 762 2865 percep-

583 2855 641 2935 sn
