2000 3542
242 318 300 371 260
319 307 818 381 Quensmisconnmr.
847 352 850 359 -

238 441 412 512 tendentum
433 441 584 511 frumenti,
598 440 674 519 quod
692 442 785 503 subito
803 432 915 519 potue·=

239 539 326 590 tum,
344 521 463 580 navibus
478 541 634 583 avexerunt
647 542 656 591 ς
678 523 842 599 reliquum,
855 518 916 579 flu·'

239 601 339 666 mine,
357 617 441 677 atque
462 600 596 661 incendio
617 618 801 678 corruperunt
823 597 911 677 :ipsi

240 698 278 739 ex
289 678 415 739 finitimis
424 680 587 761 regionibus
596 680 692 755 copias
702 700 805 761 cogere
815 698 912 755 ,prae-

241 758 312 819 sidia
339 759 534 836 custodiasque
559 756 594 818 ad
611 759 686 834 'ripas
705 758 814 839 Ligeris
846 756 918 825 dis-A

240 857 369 928 ponere,
383 838 598 915 equitatumque,
611 837 743 905 omuibus
754 837 844 905 locis,
858 838 912 895 in-

241 916 357 994 liciendi
374 916 486 976 timoris
508 937 591 977 causa
612 954 622 984 ‚
647 935 786 977 ostentare
808 933 911 993 coepe·

240 1011 326 1065 runt3
343 994 366 1053 si
381 1012 430 1054 aut
444 1016 474 1055 re
491 994 674 1055 frumentaria
691 997 839 1057 Romanos
850 1015 907 1054 ex·
960 1027 965 1033 -

241 1073 376 1139 cludere,
397 1092 445 1133 aut
463 1072 597 1133 adductos
617 1074 715 1151 inopia
732 1093 769 1133 ex
779 1071 923 1133 Provin-'

240 1155 286 1213 cia
296 1153 438 1229 expellere
448 1171 579 1231 possent:
591 1174 677 1231 quam
691 1154 725 1213 ad
735 1174 814 1230 spem
828 1152 910 1213 mul-

241 1250 302 1310 tum
313 1253 362 1305 eos
377 1234 542 1310 adjuvabat,
555 1231 631 1309 quod
645 1230 731 1312 Liger
741 1253 777 1293 ex
792 1230 910 1292 nivibus

240 1329 396 1381 creverat,
428 1330 459 1371 ut
477 1312 596 1373 omnino
616 1312 689 1373 vado
712 1311 822 1373 uansiti
843 1332 912 1371 nou

239 1392 485 1468 possevideretut.
910 1432 915 1439 -

281 1468 371 1529 LVI.
386 1468 497 1546 Quibus
506 1473 585 1531 rebus
598 1467 730 1550 cognitis,
742 1466 919 1539 cesama,

241 1549 390 1610 tutandum
399 1549 450 1607 sibi
461 1552 587 1617 censuit,
603 1550 703 1619 siesset
716 1547 910 1623 inperficien-

240 1630 280 1687 dis
289 1626 421 1715 pontibus
426 1626 642 1703 periclitandum
654 1649 664 1699 ς
674 1645 705 1687 ut
714 1627 914 1717 prius3quam.
989 1634 990 1639 ’

239 1722 329 1769 essent
344 1725 467 1781 majores
488 1726 524 1766 eo
536 1708 624 1783 copie
635 1725 761 1775 coactae,
778 1705 909 1767 dimica·
979 1754 983 1762 .

238 1804 293 1847 ret.
304 1784 382 1843 Nam
392 1802 446 1856 ut„
460 1803 640 1845 commutato
652 1784 792 1853 consilio,
803 1784 855 1845 iter
869 1785 905 1845 in

239 1858 422 1925 Provinciam
440 1884 636 1933 converteret,
655 1861 683 1923 id
705 1884 741 1923 ne
760 1881 821 1922 tum
837 1866 907 1941 qui·
970 1888 973 1893 ·

183 1964 187 1967 ’
236 1948 303 2005 dem
325 1946 486 2005 necessario
511 1944 672 2005 faciendum
691 1944 872 2003 existimabat
893 1967 910 2019 ;

238 2047 306 2085 cum
324 2023 440 2083 infamia
460 2042 543 2101 atque
554 2022 704 2113 indignitas
723 2022 762 2083 tei
775 2062 784 2091 ,
799 2040 827 2082 et
842 2026 915 2099 op-'
977 2044 980 2051 ·

236 2105 344 2185 positus
361 2123 444 2162 mons
463 2102 619 2172 Cebenna,
644 2121 809 2178 viarumque
828 2100 907 2161 diffi-

237 2184 327 2241 cultas
349 2180 545 2256 impedi'ebat3
567 2198 629 2241 tum
653 2180 797 2247 maxime,
822 2182 904 2255 quod

237 2261 352 2340 adjungi
372 2256 525 2328 Labieno,
555 2278 638 2349 atque
659 2259 691 2319 iis
707 2258 866 2339 legionibus
888 2300 901 2331 ,

236 2362 306 2419 quas
323 2360 380 2399 una
402 2339 535 2408 miserat,
548 2337 736 2407 ¹vehementer
755 2335 900 2414 cupiebat.
967 2334 973 2343 “

236 2421 361 2497 ltaque,
384 2418 539 2477 admodum
562 2418 671 2557 masgnis
688 2416 792 2477 diurnis
812 2432 900 2491 atque

234 2497 381 2558 noctumis
390 2494 536 2557 itineribus
544 2517 599 2560 con
613 2496 699 2564 ectis,
722 2515 820 2555 contra
831 2516 901 2555 om-

235 2578 316 2637 nium
335 2576 504 2651 opinionem
534 2575 568 2656 ad
596 2574 723 2657 ligerim
744 2574 901 2651 pervenit;

215 2698 217 2702 .
234 2654 365 2733 vadoque
376 2671 430 2733 per
445 2654 552 2732 equites
564 2655 682 2717 invento
710 2676 762 2732 pro
785 2652 826 2713 rei
842 2674 898 2713 ne-
925 2710 928 2713 .

233 2736 362 2805 cessitate
385 2751 547 2814 opportuno
572 2774 583 2807 ,
610 2752 642 2798 ut
671 2732 784 2797 brachia
802 2732 911 2807 modo,
