2000 3542
129 327 319 394 neBeuuo
336 329 675 400 Gnncommvr
697 351 756 408 ror

154 465 368 532 eruditionibus
373 472 507 554 permoti,
513 472 548 534 de
558 473 769 555 summisraepe‘
785 511 791 520 ·

81 570 114 638 re
134 569 172 641 us
188 549 421 641 consiliumeunt
436 579 446 612 .·
465 573 575 631 quorum
591 571 669 614 rose
685 573 754 614 ves·

81 645 161 708 rrgro
180 645 312 708 poemrere
331 649 446 690 necesse
467 645 534 701 est,
553 651 614 692 rum
636 629 756 694 incertis

82 707 243 770 rumoribus
260 705 388 769 serviant
403 749 415 778 ‚
431 725 459 768 er
473 708 644 790 pleriqueod
655 707 756 770 souma

81 803 177 846 tatem
191 807 282 848 eorum
291 783 367 866 ficta
381 788 576 867 respondeant.

124 865 157 927 V
167 865 192 927 1.
209 865 276 943 Qua
285 867 488 928 consuetudine
495 864 753 948 cognimcaem,

83 962 125 1004 rre
145 945 275 1024 graviori
290 945 370 1020 bello
388 966 572 1016 occurreret,
593 945 751 1015 meursius,

83 1043 178 1100 quam
200 1040 406 1094 consueverat,
428 1024 464 1086 ad
485 1027 643 1088 exercitum
660 1023 753 1103 profi·

77 1101 213 1164 eiscitur.
231 1099 277 1162 Eo
292 1123 360 1164 sum
376 1103 521 1174 venisset,
537 1125 593 1175 ea,
611 1125 674 1180 que
688 1104 754 1164 fore

84 1181 244 1258 suspicatus
258 1198 350 1254 erat,
371 1181 447 1244 facta
468 1184 606 1273 cognovit
627 1181 753 1248 :missas

87 1260 249 1341 legationes
264 1282 281 1320 a
293 1263 439 1328 nonnullis
457 1263 616 1322 civitatibus
627 1260 662 1320 ad
672 1259 751 1321 Ger·

86 1360 193 1399 manos
211 1361 221 1412 ς
238 1339 428 1418 invitatosque
443 1360 513 1409 eos,
530 1341 573 1401 uti
591 1342 627 1400 ab
648 1338 754 1400 Rheno

86 1419 282 1490 discederem
294 1420 391 1480 omnia
411 1439 465 1488 ue,
478 1441 539 1496 quae
547 1419 751 1498 postulassent,

86 1500 125 1558 ab
142 1519 172 1558 se
187 1497 249 1558 fore
265 1516 372 1575 parata.
392 1439 461 1575 aaa
478 1520 527 1576 spe
545 1499 657 1560 adducti
671 1495 751 1558 Ger‘

86 1577 170 1636 moni
187 1576 271 1638 latius
290 1576 349 1654 jam
368 1578 562 1659 vagabantur,
584 1578 661 1641 etin
680 1575 751 1638 finos

87 1656 257 1716 Eburonum
285 1673 315 1716 et
343 1655 590 1726 Condrusorum,
617 1657 752 1735 quisunt
834 1723 842 1736 .

89 1733 279 1796 Trevirorum
296 1735 432 1805 clientes,
451 1755 647 1814 pervenerant.
665 1735 750 1796 Prin·

91 1815 199 1891 cipibus
216 1811 320 1876 Galliae
333 1815 476 1884 evocatis,
492 1817 605 1885 Cesar,
622 1836 674 1883 ea,
689 1834 751 1889 que

89 1901 287 1972 cognoverat,
311 1892 511 1954 dissimulanda
530 1894 582 1954 sibi
603 1891 753 1953 existima·

91 1973 134 2032 vir
151 1992 161 2042 ς
178 1991 333 2050 eorumque
352 1972 454 2033 animis
470 1971 617 2049 permulsis
630 1988 660 2031 et
676 1989 752 2033 cons

91 2049 238 2119 firmatis,
258 2051 438 2128 equitatuque
459 2052 621 2128 imperato,
641 2048 752 2110 bellum

92 2150 159 2192 cum
175 2128 328 2192 Germanis
343 2149 440 2211 gerere
456 2131 614 2192 constituit.

132 2206 212 2270 VII.
223 2207 266 2266 Re
281 2208 460 2268 frumentaria
473 2226 654 2287 comparata,
668 2205 752 2282 equi·

93 2285 220 2362 tibusque
238 2285 373 2352 delectis,
397 2288 450 2348 iter
470 2289 499 2348 in
518 2308 553 2348 ea
573 2290 639 2349 loca
658 2285 752 2348 facere

93 2365 196 2440 copis,
213 2366 311 2442 quibus
324 2364 354 2424 in
367 2366 439 2426 locis
453 2367 616 2428 Germanos
627 2385 685 2424 esse
699 2386 751 2424 au-

94 2444 186 2504 diebat
203 2465 213 2514 ς
231 2466 248 2504 a
265 2445 363 2522 quibus
383 2463 448 2504 cum
468 2467 624 2521 paucorum
641 2441 751 2504 dierum

96 2523 148 2585 iter
162 2524 286 2589 obesset,
305 2522 391 2602 legari
407 2526 442 2584 ab
458 2525 492 2584 iis
506 2540 664 2590 venerunt,
676 2543 751 2598 quo·

96 2622 159 2663 rum
181 2599 240 2664 haec
260 2600 313 2662 fuir
336 2602 426 2661 oratio
455 2624 463 2664 ε
490 2600 645 2664 Germanos
666 2619 754 2676 neque

95 2677 198 2760 priores
215 2677 311 2758 populo
332 2675 370 2742 R.
394 2679 492 2742 beilum
513 2679 616 2756 inferre
633 2700 647 2754 ς
666 2696 755 2754 neque

99 2774 187 2822 romeu
203 2777 353 2830 recusare,
371 2758 397 2822 si
414 2758 610 2830 messurus,
624 2757 690 2839 quio
704 2775 756 2818 ao·
