2000 3542
225 316 283 387 '178
312 308 802 383 cneusmrscouusrr.

225 461 297 525 cilio
307 460 459 534 habuerat,
474 458 595 523 nuncios
605 457 694 520 rnittit
704 454 892 521 adfinitirnas

226 543 377 613 civitates,
400 543 563 621 equitesque
583 540 706 616 undique
724 557 891 601 convocate

225 617 262 685 iit
273 630 382 684 cer'tutn
392 623 469 683 diem
481 618 671 682 conveniendi
681 616 760 680 dicit.
771 618 891 679 Interim

227 720 318 781 prope
335 702 461 781 quotidie
478 719 546 761 cum
563 698 644 759 omni
658 696 784 775 equitatu
801 698 893 759 Indu·

227 782 373 843 ciomarus
382 783 433 843 sub
443 779 538 841 castris
549 777 770 858 ejusva'gabatut
781 814 792 846 ‚
802 777 891 846 alias,

230 874 264 921 ut
282 860 366 921 situm
386 877 542 921 castrorum
560 872 773 939 cognosceret,
798 856 892 925 alios,

229 936 416 1017 colloquendi
441 954 490 998 aut
509 934 652 997 territandi
662 951 763 995 musa:
780 934 892 1013 equites

227 1019 396 1111 plerumque
416 1034 516 1076 omnes
526 1014 585 1075 tela
596 1014 671 1074 intra
687 1013 797 1075 vallum
812 1032 889 1074 con-

228 1098 372 1177 jiciebant.
390 1093 532 1156 Labienus
547 1112 613 1154 suos
624 1093 697 1153 intra
715 1092 893 1152 munitiones

228 1176 392 1237 continebat
408 1194 418 1249 3
442 1172 608 1251 timorisque
623 1171 813 1250 opinionem,
828 1170 896 1249 qui·

229 1257 403 1333 buscumque
417 1268 531 1331 poterat
543 1253 644 1319 rebus,
660 1253 792 1332 augebat.

267 1332 398 1397 LVIII.
416 1332 494 1393 Cum
505 1332 617 1410 majore
627 1329 894 1405 indiescontemp⁴

231 1410 312 1474 tione
333 1411 548 1473 induciomarus
560 1410 595 1470 ad
611 1422 702 1471 castra
722 1408 892 1477 accederet,

229 1504 316 1554 nocte
336 1510 410 1559 una,
421 1489 589 1551 intromissis
599 1488 739 1565 equitibus
757 1486 895 1549 omnium·

229 1570 414 1632 finitimarum
430 1569 598 1637 civitatum,
617 1588 690 1645 quos
706 1566 895 1627 accersendos
990 1584 993 1608 t

227 1660 391 1718 curaverat,
402 1664 478 1708 tanta
487 1646 633 1730 diligentia
643 1663 745 1707 ornnes
752 1664 895 1706 moscus-t

227 1726 313 1791 todiit
330 1726 403 1787 intra
418 1742 507 1788 castra
523 1725 682 1795 continuit,
696 1742 729 1786 ut
744 1726 823 1785 nulla
839 1743 896 1784 rav

229 1806 309 1869 tione
321 1822 407 1867 cates
419 1806 566 1868 enunciari
575 1821 624 1867 aut
633 1804 668 1865 nd
678 1803 815 1865 Treviros
823 1822 890 1881 pet·

227 1887 294 1950 ferri
303 1902 408 1964 posset.
418 1885 592 1956 interimet
600 1882 803 1945 consuetudine
811 1902 889 1960 quo·

229 1966 353 2034 titiana,
365 1963 629 2036 Indutiomarusgat
649 1978 738 2023 castra
750 1961 887 2033 accedite

227 2060 313 2122 atque
329 2042 369 2104 ibi
380 2058 642 2135 magnampattcm
653 2041 710 2101 diei
722 2038 864 2102 consumit
874 2061 895 2101 t·-

228 2123 336 2200 equites
353 2122 410 2181 tela
423 2122 599 2196 comittunt,
616 2137 646 2182 et
661 2140 764 2202 magna
780 2136 892 2182 conto*
986 2171 992 2187 ,

225 2201 312 2263 melia
326 2202 478 2260 verborum
490 2215 602 2260 nostros
615 2201 650 2259 ad
665 2218 791 2282 pugnant
808 2218 884 2260 evo·

226 2297 303 2342 cant.
320 2278 419 2339 Nullo·
431 2298 451 2339 a·
461 2279 563 2339 nostris
575 2278 643 2338 dato
660 2295 819 2357 responso,
835 2280 891 2339 ubi*

206 2424 209 2430 ,
227 2359 390 2426 visumst,
415 2359 466 2417 sub
475 2372 629 2437 vesperum
651 2357 765 2433 dispersi
781 2377 816 2418 ac
828 2357 890 2419 dis-

226 2437 309 2515 sipati
326 2434 478 2497 discedunt.
500 2436 600 2497 Subito
622 2435 763 2497 Labienus
780 2435 894 2497 duabus·

226 2517 316 2595 portis
330 2534 448 2574 omnem
458 2515 614 2593 equitatum
629 2514 749 2585 emittit3
761 2514 890 2592 praecipit

227 2612 312 2672 atque
329 2592 488 2663 interdicit,
503 2592 654 2673 perterritis
663 2590 788 2653 hostibus
801 2609 886 2669 atque

225 2672 363 2758 infugam
372 2672 528 2755 conjectis,
539 2672 616 2755 quod
627 2672 689 2736 fore
701 2712 713 2744 ,
724 2671 797 2735 sicut
805 2672 889 2735 actis.
